ticker,period,total_revenue,price,var_revenue,var_price
AAL,2012-12-31,24855e6,13.5,NA,NA
AAL,2013-12-31,26743e6,25.25,0.07596057131361889,0.8703703703703705
AAL,2014-12-31,4265e7,53.630001,0.5948098567849531,1.1239604356435642
AAL,2015-12-31,4099e7,42.349998,-0.03892145369284872,-0.21033009117415458
AAP,2012-12-29,6205003e3,NA,NA,NA
AAP,2013-12-28,6493814e3,NA,0.04654486065518415,NA
AAP,2015-01-03,9843861e3,NA,0.5158828078537512,NA
AAP,2016-01-02,9737018e3,NA,-0.010853769674317837,NA
AAPL,2013-09-28,17091e7,NA,NA,NA
AAPL,2014-09-27,182795e6,NA,0.06953952372593752,NA
AAPL,2015-09-26,233715e6,NA,0.27856341803659834,NA
AAPL,2016-09-24,215639e6,NA,-0.07734206191301374,NA
ABBV,2012-12-31,1838e7,NA,NA,NA
ABBV,2013-12-31,1879e7,52.810001,0.022306855277475446,NA
ABBV,2014-12-31,1996e7,65.440002,0.06226716338477911,0.23915926454915248
ABBV,2015-12-31,22859e6,59.240002,0.14524048096192388,-0.0947432733880419
ABC,2013-09-30,87959167e3,61.099998,NA,NA
ABC,2014-09-30,119569127e3,77.300003,0.3593708430640321,0.2651392067148677
ABC,2015-09-30,135961803e3,94.989998,0.13709789818905338,0.22884856809125864
ABC,2016-09-30,146849686e3,80.779999,0.08008045465534175,-0.14959468680060395
ABT,2012-12-31,1905e7,31.4268731312,NA,NA
ABT,2013-12-31,19657e6,38.330002,0.031863517060367386,0.21965687900227993
ABT,2014-12-31,20247e6,45.02,0.03001475301419343,0.17453685496807436
ABT,2015-12-31,20405e6,44.91,0.007803625228428812,-0.00244335850733024
ADBE,2013-11-29,405524e4,56.779999,NA,NA
ADBE,2014-11-28,4147065e3,73.68,0.022643542675649275,0.2976400369432908
ADBE,2015-11-27,4795511e3,92.169998,0.15636263236771075,0.2509500271444083
ADBE,2016-12-02,585443e4,99.730003,0.22081463268460855,0.08202240603281763
ADI,2013-11-02,2633689e3,NA,NA,NA
ADI,2014-11-01,2864773e3,NA,0.08774156705670255,NA
ADI,2015-10-31,3435092e3,NA,0.19907999691424072,NA
ADI,2016-10-29,3421409e3,NA,-0.0039832994283705014,NA
ADM,2012-12-31,90559e6,27.389999,NA,NA
ADM,2013-12-31,89804e6,43.400002,-0.00833710619596062,0.5845200286425714
ADM,2014-12-31,81201e6,52,-0.09579751458732355,0.19815662681305857
ADM,2015-12-31,67702e6,36.68,-0.16624179505178505,-0.2946153846153846
ADS,2012-12-31,364139e4,144.759995,NA,NA
ADS,2013-12-31,4319063e3,262.929993,0.18610283435720976,0.8163166764408911
ADS,2014-12-31,530294e4,286.049988,0.22779871467491897,0.08793213256579646
ADS,2015-12-31,6439746e3,276.570007,0.2143727818908001,-0.033140994223708975
ADSK,2013-01-31,23122e5,38.880001,NA,NA
ADSK,2014-01-31,22739e5,51.25,-0.016564311045757285,0.31815840231074066
ADSK,2015-01-31,25122e5,NA,0.10479792427107615,NA
ADSK,2016-01-31,25041e5,NA,-0.003224265583950281,NA
AEE,2012-12-31,5781e6,30.719999,NA,NA
AEE,2013-12-31,5838e6,36.16,0.009859885832900872,0.17708337164984922
AEE,2014-12-31,6053e6,46.130001,0.0368276807125727,0.2757190542035399
AEE,2015-12-31,6098e6,43.23,0.007434330084255647,-0.06286583431897175
AEP,2012-12-31,14945e6,42.68,NA,NA
AEP,2013-12-31,148135e5,46.740002,-0.00879892940782867,0.09512656982193057
AEP,2014-12-31,163786e5,60.720001,0.10565362675937484,0.29910137787328317
AEP,2015-12-31,164532e5,58.27,0.004554723846970976,-0.04034915941453954
AFL,2012-12-31,25364e6,53.119999,NA,NA
AFL,2013-12-31,23939e6,66.800003,-0.056181990222362366,0.2575302006312161
AFL,2014-12-31,22728e6,61.09,-0.0505869083921634,-0.08547908298746631
AFL,2015-12-31,20872e6,59.900002,-0.0816613868356213,-0.01947942380094947
AIG,2012-12-31,71214e6,35.299999,NA,NA
AIG,2013-12-31,68874e6,51.049999,-0.03285870755750275,0.4461756500333045
AIG,2014-12-31,64406e6,56.009998,-0.06487208525713617,0.09715962971909176
AIG,2015-12-31,58327e6,61.970001,-0.09438561624693353,0.10640962708122226
AIV,2012-12-31,958511e3,27.059999,NA,NA
AIV,2013-12-31,974053e3,25.91,0.01621473305992316,-0.04249811686984917
AIV,2014-12-31,984363e3,37.150002,0.010584639644865224,0.433809417213431
AIV,2015-12-31,98131e4,40.029999,-0.00310149812619942,0.07752346823561407
AIZ,2013-12-31,9047657e3,66.370003,NA,NA
AIZ,2014-12-31,10381653e3,68.43,0.14744104468151265,0.03103807302826267
AIZ,2015-12-31,10325494e3,80.540001,-0.0054094468385718075,0.17696918018412977
AIZ,2016-12-31,753178e4,NA,-0.27056468194160976,NA
AJG,2013-12-31,31796e5,46.93,NA,NA
AJG,2014-12-31,46265e5,47.080002,0.4550572399043904,0.003196292350309049
AJG,2015-12-31,53924e5,40.939999,0.16554630930509018,-0.130416370840426
AJG,2016-12-31,55948e5,NA,0.03753430754395071,NA
AKAM,2012-12-31,1373947e3,40.91,NA,NA
AKAM,2013-12-31,1577922e3,47.18,0.14845914725968323,0.15326326081642638
AKAM,2014-12-31,1963874e3,62.959999,0.24459510672897644,0.33446373463331924
AKAM,2015-12-31,2197448e3,52.630001,0.11893532884492597,-0.16407239777751592
ALB,2012-12-31,2519154e3,62.119999,NA,NA
ALB,2013-12-31,239427e4,63.389999,-0.04957378548512714,0.020444301681331378
ALB,2014-12-31,2445548e3,60.130001,0.0214169663404713,-0.05142763924006377
ALB,2015-12-31,3651335e3,56.009998,0.4930539085718211,-0.06851825929622046
ALK,2012-12-31,4657e6,21.545,NA,NA
ALK,2013-12-31,5156e6,36.6850015,0.10715052608975739,0.7027153167788347
ALK,2014-12-31,5368e6,59.759998,0.041117145073700456,0.6290035588522467
ALK,2015-12-31,5598e6,80.510002,0.042846497764530644,0.3472223007771853
ALL,2012-12-31,33315e6,40.169998,NA,NA
ALL,2013-12-31,34507e6,54.540001,0.03577967882335287,0.357729741485175
ALL,2014-12-31,35239e6,70.25,0.02121308719969872,0.28804544759726003
ALL,2015-12-31,35653e6,62.09,0.011748347001901305,-0.11615658362989323
ALLE,2013-12-31,20696e5,44.189999,NA,NA
ALLE,2014-12-31,21183e5,55.459999,0.023531117124081957,0.25503508158033683
ALLE,2015-12-31,20681e5,65.919998,-0.023698248595571902,0.18860438493697051
ALLE,2016-12-31,2238e6,NA,0.08215270054639534,NA
ALXN,2013-12-31,1551346e3,132.880005,NA,NA
ALXN,2014-12-31,2234e6,185.029999,0.4400398105902874,0.3924593019092677
ALXN,2015-12-31,2604e6,190.75,0.16562220232766345,0.030913911424709006
ALXN,2016-12-31,3084e6,NA,0.18433179723502313,NA
AMAT,2013-10-27,7509e6,NA,NA,NA
AMAT,2014-10-26,9072e6,NA,0.2081502197363163,NA
AMAT,2015-10-25,9659e6,NA,0.06470458553791891,NA
AMAT,2016-10-30,10825e6,NA,0.12071643027228496,NA
AME,2012-12-31,3334213e3,37.57,NA,NA
AME,2013-12-31,3594136e3,52.669998,0.07795632732521884,0.4019163694437051
AME,2014-12-31,4021964e3,52.630001,0.11903500590962612,-7.593886751239287e-4
AME,2015-12-31,3974295e3,53.59,-0.01185216973597969,0.01824052786926611
AMG,2012-12-31,17486e5,130.149994,NA,NA
AMG,2013-12-31,20698e5,216.880005,0.18368980899004916,0.6663850556919735
AMG,2014-12-31,24042e5,212.240005,0.1615615035269109,-0.021394318946091895
AMG,2015-12-31,24359e5,159.759995,0.01318525912985602,-0.247267285920013
AMGN,2013-12-31,18676e6,114.080002,NA,NA
AMGN,2014-12-31,20063e6,159.289993,0.07426643820946666,0.3963007556749518
AMGN,2015-12-31,21662e6,162.330002,0.07969894831281454,0.019084745643751733
AMGN,2016-12-31,22991e6,NA,0.06135167574554523,NA
AMP,2012-12-31,10259e6,62.630001,NA,NA
AMP,2013-12-31,1123e7,115.050003,0.09464860122818997,0.8369791020760162
AMP,2014-12-31,12296e6,132.25,0.09492430988423872,0.14950018732289827
AMP,2015-12-31,122e8,106.419998,-0.007807417046193921,-0.19531192438563327
AMT,2012-12-31,287596e4,77.269997,NA,NA
AMT,2013-12-31,3361407e3,79.82,0.16879476766018997,0.03300120485315916
AMT,2014-12-31,4100048e3,98.849998,0.219741614151455,0.23841140065146593
AMT,2015-12-31,4771516e3,96.949997,0.16377076561054893,-0.01922105248803352
AMZN,2013-12-31,74452e6,398.790009,NA,NA
AMZN,2014-12-31,88988e6,310.350006,0.1952398861011122,-0.22177085935971874
AMZN,2015-12-31,107006e6,675.890015,0.20247673843664304,1.177831486814922
AMZN,2016-12-31,135987e6,NA,0.2708352802646581,NA
AN,2013-12-31,175176e5,49.689999,NA,NA
AN,2014-12-31,191088e5,60.41,0.09083436087135222,0.2157375974187481
AN,2015-12-31,20862e6,59.66,0.09174830444611914,-0.012415163052474809
AN,2016-12-31,21609e6,NA,0.03580672993960321,NA
ANTM,2012-12-31,614972e5,60.919998,NA,NA
ANTM,2013-12-31,710235e5,92.389999,0.15490623963367445,0.5165791535318174
ANTM,2014-12-31,738741e5,125.669998,0.04013601132019673,0.36021213724658674
ANTM,2015-12-31,791565e5,139.440002,0.07150543966017864,0.10957272395277662
AON,2012-12-31,11514e6,55.610001,NA,NA
AON,2013-12-31,11815e6,83.889999,0.026142087892999877,0.5085415840938396
AON,2014-12-31,12045e6,94.830002,0.019466779517562482,0.13040890607234346
AON,2015-12-31,11682e6,92.209999,-0.03013698630136985,-0.02762841869390653
APA,2012-12-31,16428e6,78.5,NA,NA
APA,2013-12-31,14771e6,85.940002,-0.1008643778914049,0.09477709554140135
APA,2014-12-31,12691e6,62.669998,-0.1408164646943335,-0.27077034510657805
APA,2015-12-31,6383e6,44.470001,-0.4970451501063746,-0.29041004596808817
APC,2013-12-31,14581e6,79.32,NA,NA
APC,2014-12-31,1847e7,82.5,0.26671696042795423,0.04009077155824525
APC,2015-12-31,8698e6,48.580002,-0.5290741743367623,-0.41115149090909087
APC,2016-12-31,7869e6,NA,-0.0953092664980455,NA
APD,2013-09-30,101804e5,98.5846373729,NA,NA
APD,2014-09-30,10439e6,120.425526365,0.025401752386939647,0.22154454866518436
APD,2015-09-30,98949e5,118.020352451,-0.05212185075198772,-0.01997229313916482
APD,2016-09-30,95244e5,139.07493247,-0.037443531516235584,0.17839787444916744
APH,2012-12-31,42921e5,32.3499985,NA,NA
APH,2013-12-31,46147e5,44.59,0.0751613429323641,0.37836173315433097
APH,2014-12-31,53455e5,53.810001,0.15836349058443666,0.20677284144427
APH,2015-12-31,55687e5,52.23,0.04175474698344406,-0.02936259005087183
ARNC,2012-12-31,237e8,6.50675187406,NA,NA
ARNC,2013-12-31,23032e6,7.96852248875,-0.028185654008438865,0.22465442712170036
ARNC,2014-12-31,23906e6,11.8365914543,0.037947203890239756,0.48541859184195824
ARNC,2015-12-31,22534e6,7.3988065967,-0.05739144984522715,-0.37492084395527914
ATVI,2012-12-31,4856e6,10.62,NA,NA
ATVI,2013-12-31,4583e6,17.83,-0.056219110378912696,0.6789077212806025
ATVI,2014-12-31,4408e6,20.15,-0.03818459524329043,0.1301177790241166
ATVI,2015-12-31,4664e6,38.709999,0.05807622504537213,0.9210917617866008
AVB,2012-12-31,1000627e3,135.589996,NA,NA
AVB,2013-12-31,1462921e3,118.230003,0.46200432328929764,-0.1280329929355556
AVB,2014-12-31,1685061e3,163.389999,0.15184688715248473,0.3819673082474675
AVB,2015-12-31,1856028e3,184.130005,0.10146042190757476,0.12693559047025893
AVGO,2015-11-01,6824e6,NA,NA,NA
AVGO,2016-10-30,1324e7,NA,0.94021101992966,NA
AVY,2012-12-31,58635e5,34.919998,NA,NA
AVY,2013-12-28,614e7,NA,0.047156135414001765,NA
AVY,2015-01-03,63303e5,NA,0.03099348534201951,NA
AVY,2016-01-02,59669e5,NA,-0.057406442032763016,NA
AWK,2012-12-31,2853926e3,37.130001,NA,NA
AWK,2013-12-31,2879e6,42.259998,0.00878579192312623,0.1381631258237781
AWK,2014-12-31,3011e6,53.299999,0.045849253212921104,0.2612399792352096
AWK,2015-12-31,3159e6,59.75,0.049153105280637766,0.12101315424039694
AXP,2012-12-31,33781e6,57.48,NA,NA
AXP,2013-12-31,34828e6,90.730003,0.03099375388532022,0.5784621259568545
AXP,2014-12-31,35895e6,93.040001,0.030636269668083083,0.025460133623053105
AXP,2015-12-31,34441e6,69.550003,-0.040507034405906084,-0.25247203082037795
AYI,2013-08-31,20891e5,NA,NA,NA
AYI,2014-08-31,23935e5,NA,0.14570867837824908,NA
AYI,2015-08-31,27067e5,194.869995,0.1308543973260914,NA
AYI,2016-08-31,32913e5,275.119995,0.21598256179111086,0.4118130141071745
AZO,2013-08-31,914753e4,NA,NA,NA
AZO,2014-08-30,9475313e3,NA,0.035832951627379206,NA
AZO,2015-08-29,1018734e4,NA,0.0751454859591445,NA
AZO,2016-08-27,10635676e3,NA,0.04400913290417319,NA
BA,2013-12-31,86623e6,136.490005,NA,NA
BA,2014-12-31,90762e6,129.979996,0.04778176696720271,-0.04769586608191567
BA,2015-12-31,96114e6,144.589996,0.05896740926819599,0.11240191144489664
BA,2016-12-31,94571e6,NA,-0.016053852716565786,NA
BAC,2012-12-31,100078e6,11.61,NA,NA
BAC,2013-12-31,101697e6,15.57,0.016177381642318966,0.3410852713178296
BAC,2014-12-31,95181e6,17.889999,-0.06407268650992659,0.14900443159922916
BAC,2015-12-31,93056e6,16.83,-0.02232588436767846,-0.0592509256149204
BAX,2012-12-31,13936e6,36.2085828354,NA,NA
BAX,2013-12-31,9413e6,37.7783807713,-0.3245551090700345,0.043354304780060415
BAX,2014-12-31,10719e6,39.8098859316,0.13874428981196218,0.05377427827302017
BAX,2015-12-31,9968e6,38.150002,-0.07006250583076779,-0.04169526972400661
BBBY,2013-03-02,10914585e3,NA,NA,NA
BBBY,2014-03-01,11503963e3,NA,0.053999121359172175,NA
BBBY,2015-02-28,11881176e3,NA,0.03278983077396891,NA
BBBY,2016-02-27,12103887e3,NA,0.018744861619758746,NA
BBT,2012-12-31,10737e6,29.110001,NA,NA
BBT,2013-12-31,10543e6,37.32,-0.018068361739778327,0.2820336213660728
BBT,2014-12-31,9998e6,38.889999,-0.051693066489613915,0.04206856913183277
BBT,2015-12-31,10346e6,37.810001,0.034806961392278346,-0.027770584411689114
BBY,2012-03-03,45457e6,NA,NA,NA
BBY,2014-02-01,40611e6,NA,-0.10660624326286383,NA
BBY,2015-01-31,40339e6,NA,-0.006697692743345418,NA
BBY,2016-01-30,39528e6,NA,-0.02010461340142289,NA
BCR,2013-12-31,30495e5,133.940002,NA,NA
BCR,2014-12-31,33236e5,166.619995,0.08988358747335634,0.243989790294314
BCR,2015-12-31,3416e6,189.440002,0.02780117944397631,0.13695839445920055
BCR,2016-12-31,3714e6,NA,0.08723653395784536,NA
BDX,2013-09-30,8054e6,100.019997,NA,NA
BDX,2014-09-30,8446e6,113.809998,0.0486714675937423,0.13787243964824336
BDX,2015-09-30,10282e6,132.660004,0.21738100876154398,0.16562697769311963
BDX,2016-09-30,12483e6,179.729996,0.21406341178758992,0.3548167539630107
BHI,2013-12-31,22364e6,55.259998,NA,NA
BHI,2014-12-31,24551e6,56.07,0.097791092827759,0.014658017179081329
BHI,2015-12-31,15742e6,46.150002,-0.3588041220316891,-0.17692166934189402
BHI,2016-12-31,9841e6,NA,-0.3748570702579088,NA
BIIB,2013-12-31,69322e5,279.570007,NA,NA
BIIB,2014-12-31,97033e5,339.450012,0.3997432272583019,0.21418608398861627
BIIB,2015-12-31,107638e5,306.350006,0.10929271484958725,-0.09751069326814465
BIIB,2016-12-31,114488e5,NA,0.06363923521432957,NA
BK,2012-12-31,14528e6,25.700001,NA,NA
BK,2013-12-31,14942e6,34.939999,0.028496696035242186,0.35953298211933915
BK,2014-12-31,15649e6,40.57,0.04731628965332613,0.16113340472619941
BK,2015-12-31,14951e6,41.220001,-0.04460348904083333,0.016021715553364624
BLL,2012-12-31,87357e5,44.75,NA,NA
BLL,2013-12-31,84681e5,51.66,-0.030632920086541393,0.15441340782122892
BLL,2014-12-31,857e7,68.169998,0.012033395921162926,0.31958958575300067
BLL,2015-12-31,7997e6,72.730003,-0.0668611435239207,0.06689166985159645
BMY,2012-12-31,17621e6,32.59,NA,NA
BMY,2013-12-31,16385e6,53.150002,-0.07014357868452414,0.6308684258975144
BMY,2014-12-31,15879e6,59.029999,-0.030881904180653064,0.11063023102049918
BMY,2015-12-31,1656e7,68.790001,0.04288683166446239,0.16533969448313912
BSX,2012-12-31,7249e6,5.73,NA,NA
BSX,2013-12-31,7143e6,12.02,-0.014622706580217915,1.0977312390924956
BSX,2014-12-31,738e7,13.25,0.033179336413271754,0.10232945091514156
BSX,2015-12-31,7477e6,18.440001,0.013143631436314474,0.3916981886792452
BWA,2013-12-31,74366e5,55.91,NA,NA
BWA,2014-12-31,83051e5,54.950001,0.11678724148132202,-0.017170434627079123
BWA,2015-12-31,80232e5,43.23,-0.03394299888020613,-0.21328481868453475
BWA,2016-12-31,9071e6,NA,0.13059627081463754,NA
BXP,2012-12-31,1847186e3,105.809998,NA,NA
BXP,2013-12-31,2135539e3,100.370003,0.1561039332259988,-0.05141286365018172
BXP,2014-12-31,2396998e3,128.690002,0.12243232270635196,0.2821560043193383
BXP,2015-12-31,2490821e3,127.540001,0.03914187663068547,-0.008936210910929887
C,2012-12-31,59581e6,39.560001,NA,NA
C,2013-12-31,67997e6,52.110001,0.14125308403685732,0.31723962797675354
C,2014-12-31,69606e6,54.110001,0.023662808653323042,0.038380348524652774
C,2015-12-31,68024e6,51.75,-0.022727925753527,-0.043614876296158234
CAG,2013-05-26,134693e5,NA,NA,NA
CAG,2014-05-25,118382e5,NA,-0.12109760715107687,NA
CAG,2015-05-31,11937e6,NA,0.008345863391393982,NA
CAG,2016-05-29,116429e5,NA,-0.024637681159420333,NA
CAH,2013-06-30,101093e6,NA,NA,NA
CAH,2014-06-30,91084e6,68.559998,-0.09900784426221398,NA
CAH,2015-06-30,102531e6,83.650002,0.12567520091344253,0.2200992479608883
CAH,2016-06-30,121546e6,78.010002,0.18545610595819806,-0.06742378798747672
CAT,2013-12-31,55656e6,90.809998,NA,NA
CAT,2014-12-31,55184e6,91.529999,-0.008480666954146954,0.007928653406643837
CAT,2015-12-31,47011e6,67.959999,-0.14810452305015942,-0.2575112013275561
CAT,2016-12-31,38537e6,NA,-0.18025568483971832,NA
CB,2012-12-31,17936e6,79.800003,NA,NA
CB,2013-12-31,19261e6,103.529999,0.0738737734165924,0.29736835974805653
CB,2014-12-31,19171e6,114.879997,-0.004672654586989289,0.10963004066096826
CB,2015-12-31,18987e6,116.849998,-0.009597830055813494,0.01714833784335834
CBG,2012-12-31,6514099e3,19.9,NA,NA
CBG,2013-12-31,7184794e3,26.299999,0.10296051687270946,0.3216079899497488
CBG,2014-12-31,9049918e3,34.25,0.2595932465147923,0.3022814183376965
CBG,2015-12-31,1085581e4,34.580002,0.19954788540625445,0.009635094890511064
CCI,2012-12-31,243268e4,72.160004,NA,NA
CCI,2013-12-31,2865751e3,73.43,0.1780221812979923,0.017599721862543216
CCI,2014-12-31,3538756e3,78.699997,0.23484419965307524,0.0717689908756638
CCI,2015-12-31,3663851e3,86.449997,0.03534999304840447,0.09847522611722592
CCL,2013-11-30,15456e6,NA,NA,NA
CCL,2014-11-30,15884e6,NA,0.027691511387163636,NA
CCL,2015-11-30,15714e6,50.529999,-0.010702593805086869,NA
CCL,2016-11-30,16389e6,51.41,0.04295532646048117,0.017415416928862504
CELG,2013-12-31,64939e5,84.4850005,NA,NA
CELG,2014-12-31,76704e5,111.860001,0.18117002109672153,0.32402201974301925
CELG,2015-12-31,9256e6,119.760002,0.20671672924488949,0.07062400258694801
CELG,2016-12-31,112292e5,NA,0.2131806395851339,NA
CERN,2013-12-28,2910748e3,NA,NA,NA
CERN,2015-01-03,3402703e3,NA,0.1690132570734395,NA
CERN,2016-01-02,4425267e3,NA,0.30051520805665377,NA
CERN,2016-12-31,4796473e3,NA,0.083883300148895,NA
CF,2012-12-31,6104e6,40.632,NA,NA
CF,2013-12-31,54747e5,46.6080018,-0.10309633027522935,0.1470762404016539
CF,2014-12-31,47432e5,54.5079994,-0.13361462728551332,0.1694987404501862
CF,2015-12-31,43083e5,40.810001,-0.09168915500084329,-0.25130253450468776
CFG,2012-12-31,5513e6,NA,NA,NA
CFG,2013-12-31,5133e6,NA,-0.06892798839107561,NA
CFG,2014-12-31,5342e6,NA,0.040716929670757906,NA
CFG,2015-12-31,5276e6,26.190001,-0.012354923249719207,NA
CHD,2012-12-31,29219e5,26.785,NA,NA
CHD,2013-12-31,31943e5,33.1399995,0.09322700982237575,0.23725964159044244
CHD,2014-12-31,32976e5,39.404999,0.03233885358294453,0.18904645728796687
CHD,2015-12-31,33948e5,42.4399985,0.029475982532751077,0.0770206719203319
CHK,2012-12-31,12316e6,15.7237464522,NA,NA
CHK,2013-12-31,1908e7,25.6764437086,0.5492042871062033,0.6329723826733076
CHK,2014-12-31,23125e6,19.57,0.21200209643605872,-0.23782279890087443
CHK,2015-12-31,12764e6,4.5,-0.4480432432432433,-0.770056208482371
CHRW,2012-12-31,11359113e3,63.220001,NA,NA
CHRW,2013-12-31,12752076e3,58.349998,0.1226295574311127,-0.07703263085997114
CHRW,2014-12-31,13470067e3,74.889999,0.05630385201593846,0.2834618948915817
CHRW,2015-12-31,13476084e3,62.02,4.466941404226432e-4,-0.17185203861466203
CHTR,2013-12-31,8155e6,136.759995,NA,NA
CHTR,2014-12-31,9108e6,166.619995,0.11686082158185163,0.21833870350755702
CHTR,2015-12-31,9754e6,183.100006,0.07092665788317953,0.09890776314091254
CHTR,2016-12-31,29003e6,NA,1.973446791060078,NA
CI,2012-12-31,29119e6,53.459999,NA,NA
CI,2013-12-31,3238e7,87.480003,0.11198873587691893,0.6363637230894821
CI,2014-12-31,34914e6,102.910004,0.07825818406423712,0.1763831786791321
CI,2015-12-31,37876e6,146.330002,0.08483702812625316,0.4219220319921473
CINF,2012-12-31,4111e6,39.16,NA,NA
CINF,2013-12-31,4531e6,52.369999,0.10216492337630756,0.33733398876404497
CINF,2014-12-31,4945e6,51.830002,0.09137055837563457,-0.010311189809264598
CINF,2015-12-31,5142e6,59.169998,0.039838220424671444,0.14161674159302562
CL,2012-12-31,17085e6,52.2700005,NA,NA
CL,2013-12-31,1742e7,65.209999,0.019607843137254832,0.2475607112343532
CL,2014-12-31,17277e6,69.190002,-0.008208955223880543,0.06103363074733381
CL,2015-12-31,16034e6,66.620003,-0.07194536088441283,-0.03714408044098638
CLX,2013-06-30,5533e6,NA,NA,NA
CLX,2014-06-30,5514e6,91.400002,-0.0034339418037231395,NA
CLX,2015-06-30,5655e6,104.019997,0.025571273122959814,0.1380743405235374
CLX,2016-06-30,5761e6,138.389999,0.018744473916887605,0.3304172562127643
CMA,2013-12-31,2666e6,47.540001,NA,NA
CMA,2014-12-31,2607e6,46.84,-0.02213053263315834,-0.014724463299863877
CMA,2015-12-31,2819e6,41.830002,0.08131952435749912,-0.10695982066609744
CMA,2016-12-31,296e7,NA,0.050017736786094336,NA
CME,2012-12-31,27824e5,50.669998,NA,NA
CME,2013-12-31,27849e5,78.459999,8.985048878666912e-4,0.5484508012019262
CME,2014-12-31,29931e5,88.650002,0.07476031455348497,0.12987513548145735
CME,2015-12-31,32094e5,90.599998,0.07226621228826291,0.021996570287725392
CMG,2013-12-31,3214591e3,532.780029,NA,NA
CMG,2014-12-31,4108269e3,684.51001,0.2780067510921296,0.2847891676510268
CMG,2015-12-31,4501223e3,479.850006,0.09564953025227907,-0.2989875984428627
CMG,2016-12-31,3904384e3,NA,-0.13259485255451686,NA
CMI,2013-12-31,17301e6,140.970001,NA,NA
CMI,2014-12-31,19221e6,144.169998,0.1109762441477371,0.02269984377740042
CMI,2015-12-31,1911e7,88.010002,-0.00577493366630244,-0.38954010389873206
CMI,2016-12-31,17509e6,NA,-0.08377812663526951,NA
CMS,2013-12-31,6566e6,26.77,NA,NA
CMS,2014-12-31,7179e6,34.75,0.0933597319524826,0.2980948823309675
CMS,2015-12-31,6456e6,36.080002,-0.10071040534893438,0.03827343884892098
CMS,2016-12-31,6399e6,NA,-0.008828996282527868,NA
CNC,2012-12-31,811e7,20.5,NA,NA
CNC,2013-12-31,10863e6,29.4750005,0.33945745992601717,0.4378049024390245
CNC,2014-12-31,1656e7,51.924999,0.524440762220381,0.7616623619734968
CNC,2015-12-31,2276e7,65.809998,0.3743961352657006,0.2674048968205083
CNP,2012-12-31,7452e6,19.25,NA,NA
CNP,2013-12-31,8106e6,23.18,0.0877616747181964,0.2041558441558442
CNP,2014-12-31,9226e6,23.43,0.13816925734024177,0.010785159620362306
CNP,2015-12-31,7386e6,18.360001,-0.19943637546065462,-0.2163892018779342
COF,2012-12-31,23771e6,57.93,NA,NA
COF,2013-12-31,24176e6,76.610001,0.017037566783054903,0.3224581563956499
COF,2014-12-31,23869e6,82.550003,-0.012698544010589008,0.07753559486313022
COF,2015-12-31,25038e6,72.18,0.048975658804306876,-0.12562086763340274
COG,2012-12-31,1204546e3,24.870001,NA,NA
COG,2013-12-31,1746278e3,38.759998,0.44973956992925146,0.5585040788699609
COG,2014-12-31,2173011e3,29.610001,0.24436716261671965,-0.23606804623674138
COG,2015-12-31,135715e4,17.690001,-0.3754518499906351,-0.40256668684340813
COL,2013-09-30,4474e6,67.860001,NA,NA
COL,2014-09-30,4979e6,78.5,0.1128743853375056,0.15679338112594499
COL,2015-09-30,5244e6,81.839996,0.05322353886322562,0.04254771974522287
COL,2016-09-30,5259e6,84.339996,0.0028604118993134087,0.030547411072698427
COO,2013-10-31,1587725e3,129.210007,NA,NA
COO,2014-10-31,1717776e3,163.899994,0.08191028043269455,0.2684775568505309
COO,2015-10-31,179706e4,NA,0.04615502836225449,NA
COO,2016-10-31,1966814e3,176.039993,0.09446206581861483,NA
COST,2013-09-01,105156e6,NA,NA,NA
COST,2014-08-31,11264e7,NA,0.07117045151964696,NA
COST,2015-08-30,116199e6,NA,0.03159623579545445,NA
COST,2016-08-28,118719e6,NA,0.02168693362249252,NA
COTY,2003-06-30,1577e3,NA,NA,NA
COTY,2004-06-30,1514e3,NA,-0.03994927076727961,NA
COTY,2006-02-28,79562e3,NA,51.55085865257596,NA
COTY,2007-02-28,99642e3,NA,0.252381790301903,NA
CPB,2013-07-28,8052e6,NA,NA,NA
CPB,2014-08-03,8268e6,NA,0.02682563338301036,NA
CPB,2015-08-02,8082e6,NA,-0.022496371552975347,NA
CPB,2016-07-31,7961e6,NA,-0.014971541697599622,NA
CRM,2013-01-31,3050195e3,43.03250125,NA,NA
CRM,2014-01-31,4071003e3,60.529999,0.33466975062250115,0.4066112180732231
CRM,2015-01-31,5373586e3,NA,0.31996611154548393,NA
CRM,2016-01-31,6667216e3,NA,0.24073867990574627,NA
CSCO,2013-07-27,48607e6,NA,NA,NA
CSCO,2014-07-26,47142e6,NA,-0.030139691813936276,NA
CSCO,2015-07-25,49161e6,NA,0.04282805141911661,NA
CSCO,2016-07-30,49247e6,NA,0.001749354162852601,NA
CSRA,2015-04-03,4069746e3,NA,NA,NA
CSRA,2016-04-01,4250447e3,27.27,0.04440105107296621,NA
CSX,2013-12-31,12026e6,28.77,NA,NA
CSX,2014-12-26,12669e6,36.68,0.05346748711125904,0.2749391727493917
CSX,2015-12-25,11811e6,NA,-0.067724366564054,NA
CSX,2016-12-30,11069e6,35.93,-0.0628227923122513,NA
CTAS,2013-05-31,4245964e3,45.650002,NA,NA
CTAS,2014-05-31,4193844e3,NA,-0.012275186506527147,NA
CTAS,2015-05-31,4476886e3,NA,0.06748987325231925,NA
CTAS,2016-05-31,4905458e3,94.800003,0.09572993370838567,NA
CTL,2012-12-31,18376e6,39.119999,NA,NA
CTL,2013-12-31,18095e6,31.85,-0.015291684806269079,-0.18583842499586978
CTL,2014-12-31,18031e6,39.580002,-0.0035368886432716184,0.24270021978021972
CTL,2015-12-31,179e8,25.16,-0.007265265376296348,-0.36432544899820873
CTSH,2012-12-31,7346472e3,36.9399985,NA,NA
CTSH,2013-12-31,88432e5,50.4900015,0.20373425502744724,0.36681114104539003
CTSH,2014-12-31,102627e5,52.66,0.1605188167179301,0.04297877669898664
CTSH,2015-12-31,12416e6,60.02,0.20981807906301464,0.13976452715533627
CTXS,2013-12-31,2918434e3,63.25,NA,NA
CTXS,2014-12-31,3142856e3,63.799999,0.07689808986600344,0.00869563636363635
CTXS,2015-12-31,3275594e3,75.650002,0.0422348335399394,0.185736727049165
CTXS,2016-12-31,3418265e3,NA,0.043555764236959726,NA
CVS,2013-12-31,126761e6,71.57,NA,NA
CVS,2014-12-31,139367e6,96.309998,0.09944699079369834,0.3456755344418052
CVS,2015-12-31,15329e7,97.769997,0.09990169839345042,0.015159371096653995
CVS,2016-12-31,177526e6,NA,0.1581055515689216,NA
CVX,2012-12-31,23059e7,108.139999,NA,NA
CVX,2013-12-31,220156e6,124.910004,-0.045249143501452815,0.15507680002845192
CVX,2014-12-31,200494e6,112.18,-0.08930939878994892,-0.1019134063913727
CVX,2015-12-31,129925e6,89.959999,-0.3519756202180614,-0.19807453200213954
CXO,2012-12-31,1819814e3,80.559998,NA,NA
CXO,2013-12-31,2319919e3,108,0.2748110521185132,0.3406157234512346
CXO,2014-12-31,2660147e3,99.75,0.14665512028652716,-0.07638888888888884
CXO,2015-12-31,1803573e3,92.860001,-0.322002505876555,-0.06907267167919806
D,2012-12-31,12835e6,51.799999,NA,NA
D,2013-12-31,1312e7,64.690002,0.02220490845344769,0.24884176156065196
D,2014-12-31,12436e6,76.900002,-0.052134146341463405,0.18874632280889392
D,2015-12-31,11683e6,67.639999,-0.06055001608234156,-0.12041616071739503
DAL,2013-12-31,37773e6,27.469999,NA,NA
DAL,2014-12-31,40362e6,49.189999,0.0685410213644666,0.7906807714117499
DAL,2015-12-31,40704e6,50.689999,0.008473316485803517,0.030494003466029707
DAL,2016-12-31,39639e6,NA,-0.026164504716981174,NA
DD,2013-12-31,28998e6,61.6999040836,NA,NA
DD,2014-12-31,28406e6,70.2184197531,-0.020415201048348153,0.1380636776672759
DD,2015-12-31,2513e7,66.599998,-0.11532774765894527,-0.05153094823015081
DD,2016-12-31,24594e6,NA,-0.021329088738559543,NA
DE,2013-10-31,377954e5,81.839996,NA,NA
DE,2014-10-31,360669e5,85.540001,-0.0457330786286162,0.04521022948241593
DE,2015-10-31,288628e5,NA,-0.19974270037069997,NA
DE,2016-10-31,26644e6,88.300003,-0.076874038554818,NA
DFS,2012-11-30,8984e6,41.610001,NA,NA
DFS,2013-12-31,937e7,55.950001,0.04296527159394481,0.34462868674288205
DFS,2014-12-31,9611e6,65.489998,0.025720384204909186,0.1705093267111828
DFS,2015-12-31,10002e6,53.619999,0.04068255124336706,-0.18124903592148534
DG,2013-02-01,16022128e3,46.279999,NA,NA
DG,2014-01-31,17504167e3,56.32,0.09249951067673412,0.21694038930294712
DG,2015-01-30,18909588e3,67.059998,0.0802906530770644,0.19069598721590886
DG,2016-01-29,20368562e3,75.059998,0.07715525055331729,0.11929615625696854
DGX,2012-12-31,7383e6,58.27,NA,NA
DGX,2013-12-31,7146e6,53.540001,-0.03210077204388462,-0.08117382872833367
DGX,2014-12-31,7435e6,67.059998,0.04044220542961097,0.2525214185184643
DGX,2015-12-31,7493e6,71.139999,0.007800941492938751,0.06084105460307376
DHI,2013-09-30,62593e5,19.43,NA,NA
DHI,2014-09-30,80249e5,20.52,0.2820762705094819,0.0560988162635101
DHI,2015-09-30,10824e6,29.360001,0.34880185422871324,0.430799269005848
DHI,2016-09-30,121574e5,30.200001,0.12318920916481901,0.028610353248966103
DHR,2012-12-31,182604e5,42.3805928734,NA,NA
DHR,2013-12-31,182831e5,58.5291902957,0.00124312720422326,0.3810375534513959
DHR,2014-12-31,19154e6,64.9810485216,0.04763415394544679,0.11023317071881666
DHR,2015-12-31,205631e5,70.416984837,0.07356687898089165,0.08365417978124912
DIS,2013-09-28,45041e6,NA,NA,NA
DIS,2014-09-27,48813e6,NA,0.08374592038365036,NA
DIS,2015-10-03,52465e6,NA,0.07481613504599194,NA
DIS,2016-10-01,55632e6,NA,0.06036405222529306,NA
DISCA,2013-12-31,5535e6,46.203373531,NA,NA
DISCA,2014-12-31,6265e6,34.450001,0.13188798554652204,-0.25438342771906275
DISCA,2015-12-31,6394e6,26.68,0.020590582601755836,-0.2255442895342732
DISCA,2016-12-31,6497e6,NA,0.016108852048795752,NA
DISCK,2013-12-31,5535e6,41.9300005,NA,NA
DISCK,2014-12-31,6265e6,33.720001,0.13188798554652204,-0.1958025137633851
DISCK,2015-12-31,6394e6,25.219999,0.020590582601755836,-0.2520759711721242
DISCK,2016-12-31,6497e6,NA,0.016108852048795752,NA
DLPH,2013-12-31,15051e6,60.130001,NA,NA
DLPH,2014-12-31,15499e6,72.720001,0.029765464088764793,0.2093796738835909
DLPH,2015-12-31,15165e6,85.730003,-0.021549777404993864,0.17890541558160877
DLPH,2016-12-31,16661e6,NA,0.09864820309924172,NA
DLR,2012-12-31,1279067e3,67.889999,NA,NA
DLR,2013-12-31,1482259e3,49.119999,0.15885954371428546,-0.27647665748234884
DLR,2014-12-31,1616438e3,66.300003,0.09052331610062758,0.3497557888793932
DLR,2015-12-31,1763336e3,75.620003,0.09087759629506365,0.14057314597708226
DLTR,2013-02-02,73945e5,NA,NA,NA
DLTR,2014-02-01,78403e5,NA,0.06028805193048892,NA
DLTR,2015-01-31,86022e5,NA,0.09717740392587015,NA
DLTR,2016-01-30,154984e5,NA,0.801678640347818,NA
DNB,2012-12-31,1663e6,78.650002,NA,NA
DNB,2013-12-31,15584e5,122.75,-0.06289837642814189,0.5607119755699435
DNB,2014-12-31,15845e5,120.959999,0.016747946611909592,-0.014582492871690445
DNB,2015-12-31,16371e5,103.93,0.03319659198485336,-0.1407903368120893
DOV,2013-12-31,7155096e3,80.1161834025,NA,NA
DOV,2014-12-31,7752728e3,71.720001,0.08352536429979418,-0.10480007965828786
DOV,2015-12-31,6956311e3,61.310001,-0.10272732385297145,-0.14514779496447572
DOV,2016-12-31,6794342e3,NA,-0.023283749102074314,NA
DPS,2013-12-31,5997e6,48.720001,NA,NA
DPS,2014-12-31,6121e6,71.68,0.020677005169251306,0.471264337617727
DPS,2015-12-31,6282e6,93.199997,0.02630289168436528,0.30022317243303553
DPS,2016-12-31,644e7,NA,0.025151225724291626,NA
DRI,2013-05-26,5921e6,NA,NA,NA
DRI,2014-05-25,62856e5,NA,0.06157743624387768,NA
DRI,2015-05-31,6764e6,NA,0.07611047473590427,NA
DRI,2016-05-29,69335e5,NA,0.025059136605558807,NA
DUK,2012-12-31,17912e6,63.799999,NA,NA
DUK,2013-12-31,22756e6,69.010002,0.270433229120143,0.08166149030817382
DUK,2014-12-31,23925e6,83.540001,0.0513710669713483,0.2105491751760853
DUK,2015-12-31,23459e6,71.389999,-0.019477533960292615,-0.14543933270960818
DVA,2012-12-31,818628e4,55.2649995,NA,NA
DVA,2013-12-31,1176405e4,63.369999,0.4370446649760331,0.14665700847423335
DVA,2014-12-31,12795106e3,75.739998,0.08764464618902501,0.19520276463946296
DVA,2015-12-31,13781837e3,69.709999,0.07711784490101148,-0.07961445945641565
DVN,2013-12-31,10397e6,61.869999,NA,NA
DVN,2014-12-31,20638e6,61.209999,0.9849956718284121,-0.01066752886160538
DVN,2015-12-31,13145e6,32,-0.3630681267564686,-0.47720959773255345
DVN,2016-12-31,12197e6,NA,-0.07211867630277669,NA
EA,2013-03-31,3797e6,NA,NA,NA
EA,2014-03-31,3575e6,29.01,-0.05846721095601792,NA
EA,2015-03-31,4515e6,58.82,0.26293706293706287,1.0275766976904515
EA,2016-03-31,4396e6,66.110001,-0.02635658914728678,0.12393745324719485
EBAY,2013-12-31,8257e6,23.0934347643,NA,NA
EBAY,2014-12-31,879e7,23.619526936,0.0645512898147027,0.022781027468173898
EBAY,2015-12-31,8592e6,27.48,-0.022525597269624553,0.1634441313943511
EBAY,2016-12-31,8979e6,NA,0.04504189944134085,NA
ECL,2012-12-31,118387e5,71.900002,NA,NA
ECL,2013-12-31,132534e5,104.269997,0.1194979178457094,0.45020854102340646
ECL,2014-12-31,142805e5,104.519997,0.07749709508503488,0.002397621628396074
ECL,2015-12-31,135451e5,114.379997,-0.05149679633066073,0.09433601495415278
ED,2013-12-31,12354e6,55.279999,NA,NA
ED,2014-12-31,12919e6,66.010002,0.04573417516593814,0.19410280741864705
ED,2015-12-31,12554e6,64.269997,-0.028252960755476453,-0.02635971742585308
ED,2016-12-31,12075e6,NA,-0.03815516966703836,NA
EFX,2012-12-31,2073e6,54.119999,NA,NA
EFX,2013-12-31,23039e5,69.089996,0.11138446695610216,0.27660748848129124
EFX,2014-12-31,24364e5,80.870003,0.05751117670037753,0.1705023546390132
EFX,2015-12-31,26636e5,111.370003,0.09325233951732059,0.3771484959633302
EIX,2012-12-31,11862e6,45.189999,NA,NA
EIX,2013-12-31,12581e6,46.299999,0.06061372449839819,0.024562956949833126
EIX,2014-12-31,13413e6,65.480003,0.06613146808679748,0.4142549549515109
EIX,2015-12-31,11524e6,59.209999,-0.14083351971967495,-0.09575448553354515
EL,2013-06-30,101817e5,NA,NA,NA
EL,2014-06-30,109688e5,74.260002,0.07730536158008983,NA
EL,2015-06-30,107804e5,86.660004,-0.017175990080956938,0.16698090043143288
EL,2016-06-30,112623e5,91.019997,0.044701495306296524,0.05031147933018798
EMN,2012-12-31,8102e6,68.050003,NA,NA
EMN,2013-12-31,935e7,80.699997,0.15403604048383124,0.18589262957122865
EMN,2014-12-31,9527e6,75.860001,0.018930481283422562,-0.059975169515805504
EMN,2015-12-31,9648e6,67.510002,0.01270074525034115,-0.11007116912640158
EMR,2013-09-30,24669e6,64.699997,NA,NA
EMR,2014-09-30,17733e6,62.580002,-0.28116259272771493,-0.032766539386392846
EMR,2015-09-30,16249e6,44.169998,-0.08368578356736034,-0.2941834997065037
EMR,2016-09-30,14522e6,54.509998,-0.10628346359775986,0.23409555055900166
EOG,2012-12-31,11682636e3,60.3950005,NA,NA
EOG,2013-12-31,14487118e3,83.919998,0.24005558334608734,0.38951895529829494
EOG,2014-12-31,1803534e4,92.07,0.2449225580960961,0.0971163273859943
EOG,2015-12-31,8757428e3,70.790001,-0.5144295588550036,-0.23112847833170402
EQIX,2012-12-31,1887376e3,206.199997,NA,NA
EQIX,2013-12-31,2152766e3,177.449997,0.14061321114605674,-0.1394277420867276
EQIX,2014-12-31,2443776e3,226.729996,0.1351795782727896,0.2777120306178422
EQIX,2015-12-31,2725867e3,302.399994,0.11543242915881002,0.3337449800863579
EQR,2012-12-31,1747502e3,56.669998,NA,NA
EQR,2013-12-31,2387702e3,51.869999,0.36635151204404925,-0.08470088529030828
EQR,2014-12-31,2614748e3,71.839996,0.09508975575679046,0.38500091353385213
EQR,2015-12-31,2744965e3,81.589996,0.04980097508440573,0.1357182703629327
EQT,2013-12-31,1859177e3,89.779999,NA,NA
EQT,2014-12-31,2388768e3,75.699997,0.284852383608446,-0.15682782531552497
EQT,2015-12-31,1954e6,52.130001,-0.18200511728221413,-0.311360593581001
EQT,2016-12-31,1857339e3,NA,-0.04946827021494371,NA
ES,2012-12-31,6273787e3,39.080002,NA,NA
ES,2013-12-31,7301204e3,42.389999,0.16376344941261145,0.0846979741710352
ES,2014-12-31,7741856e3,53.52,0.06035333350499461,0.2625619547667364
ES,2015-12-31,7954827e3,51.07,0.027509036592775704,-0.04577727952167421
ESS,2012-12-31,535153e3,146.649994,NA,NA
ESS,2013-12-31,61059e4,143.509995,0.14096342541291929,-0.021411518093890858
ESS,2014-12-31,970938e3,206.600006,0.5901636122438954,0.4396210243056591
ESS,2015-12-31,1194407e3,239.410004,0.2301578473599757,0.15880927902780395
ETFC,2012-12-31,1365e6,8.95,NA,NA
ETFC,2013-12-31,1466e6,19.639999,0.07399267399267395,1.1944132960893854
ETFC,2014-12-31,1665e6,24.26,0.13574351978171895,0.23523427877974945
ETFC,2015-12-31,1403e6,29.639999,-0.15735735735735734,0.2217641797197032
ETN,2012-12-31,16311e6,54.18,NA,NA
ETN,2013-12-31,22046e6,76.120003,0.35160321255594384,0.4049465300849022
ETN,2014-12-31,22552e6,67.959999,0.02295200943481812,-0.10719920754601131
ETN,2015-12-31,20855e6,52.040001,-0.07524831500532103,-0.23425541839693087
ETR,2012-12-31,10302079e3,63.75,NA,NA
ETR,2013-12-31,11390947e3,63.27,0.1056940060350926,-0.0075294117647057845
ETR,2014-12-31,12494921e3,87.480003,0.09691678839344964,0.3826458511142721
ETR,2015-12-31,11513251e3,68.360001,-0.078565522743201055,-0.21856425862262485
EW,2012-12-31,18996e5,45.084999,NA,NA
EW,2013-12-31,20455e5,32.880001,0.07680564329332484,-0.27071084109373056
EW,2014-12-31,23229e5,63.6899985,0.13561476411635298,0.9370436910874791
EW,2015-12-31,24937e5,78.980003,0.07352877868182017,0.24006916093741149
EXC,2013-12-31,24888e6,27.389999,NA,NA
EXC,2014-12-31,27429e6,37.080002,0.10209739633558335,0.3537788738144898
EXC,2015-12-31,29447e6,27.77,0.07357176710780555,-0.25107878904645153
EXC,2016-12-31,3136e7,NA,0.06496417292084078,NA
EXPD,2012-12-31,5992215e3,39.549999,NA,NA
EXPD,2013-12-31,6080257e3,44.25,0.014692730484470173,0.11883694358626906
EXPD,2014-12-31,6564721e3,44.610001,0.07967821097035865,0.008135615819208963
EXPD,2015-12-31,6616632e3,45.099998,0.007907571395646462,0.010984016790315687
EXPE,2013-12-31,4771259e3,69.660004,NA,NA
EXPE,2014-12-31,5763485e3,85.360001,0.2079589475230752,0.2253803631708089
EXPE,2015-12-31,6672317e3,124.300003,0.15768792666242737,0.45618558509623264
EXPE,2016-12-31,8773564e3,NA,0.3149201394358212,NA
EXR,2012-12-31,409396e3,36.389999,NA,NA
EXR,2013-12-31,520613e3,42.130001,0.27166117890746366,0.1577357009545397
EXR,2014-12-31,647155e3,58.639999,0.24306346556847402,0.39188221239301657
EXR,2015-12-31,78227e4,88.209999,0.20878305815453801,0.504263310099988
F,2013-12-31,146917e6,15.43,NA,NA
F,2014-12-31,144077e6,15.5,-0.019330642471599657,0.004536616979909258
F,2015-12-31,149558e6,14.09,0.038042158012729255,-0.09096774193548385
F,2016-12-31,1518e8,NA,0.014990839674240197,NA
FAST,2013-12-31,3326106e3,47.509998,NA,NA
FAST,2014-12-31,3733507e3,47.560001,0.12248587387172871,0.0010524732078498467
FAST,2015-12-31,3869187e3,40.82,0.03634116662965936,-0.14171574554844946
FAST,2016-12-31,3962036e3,NA,0.02399703090080685,NA
FB,2013-12-31,7872e6,54.650002,NA,NA
FB,2014-12-31,12466e6,78.019997,0.5835873983739837,0.42763026797327486
FB,2015-12-31,17928e6,104.660004,0.43815177282207607,0.34145101287302015
FB,2016-12-31,27638e6,NA,0.5416108879964301,NA
FBHS,2012-12-31,31348e5,NA,NA,NA
FBHS,2013-12-31,37036e5,45.700001,0.18144698226362133,NA
FBHS,2014-12-31,40136e5,45.27,0.08370234366562257,-0.009409212047938431
FBHS,2015-12-31,45794e5,55.5,0.1409706996212876,0.22597746852220002
FCX,2012-12-31,1801e7,34.200001,NA,NA
FCX,2013-12-31,20921e6,37.740002,0.16163242642976128,0.10350879814301739
FCX,2014-12-31,21438e6,23.360001,0.024712011854117977,-0.3810280932152573
FCX,2015-12-31,15877e6,6.77,-0.25939919768635133,-0.7101883685707034
FDX,2013-05-31,44287e6,96.339996,NA,NA
FDX,2014-05-31,45567e6,NA,0.028902386704902083,NA
FDX,2015-05-31,47453e6,NA,0.04138960212434428,NA
FDX,2016-05-31,50365e6,164.970001,0.061365983183360395,NA
FE,2012-12-31,15255e6,41.759998,NA,NA
FE,2013-12-31,14892e6,32.98,-0.02379547689282202,-0.21024900432227045
FE,2014-12-31,15049e6,38.990002,0.010542573193661031,0.18223171619163137
FE,2015-12-31,15026e6,31.73,-0.0015283407535384708,-0.18620163189527406
FFIV,2013-09-30,1481314e3,85.809998,NA,NA
FFIV,2014-09-30,1732046e3,118.739998,0.16926323520874043,0.38375481607632733
FFIV,2015-09-30,1919823e3,115.800003,0.10841340241540931,-0.02475993809600696
FFIV,2016-09-30,1995034e3,124.639999,0.03917600737151283,0.07633847816048855
FIS,2012-12-31,57958e5,34.810001,NA,NA
FIS,2013-12-31,60634e5,53.68,0.04617136547154832,0.5420855632839539
FIS,2014-12-31,64138e5,62.200001,0.057789359105452354,0.15871834947839036
FIS,2015-12-31,65952e5,60.599998,0.028282765287349187,-0.025723520486760187
FISV,2012-12-31,4436e6,39.5149995,NA,NA
FISV,2013-12-31,4814e6,59.049999,0.08521190261496847,0.49436922047790977
FISV,2014-12-31,5066e6,70.970001,0.05234732031574585,0.20186286539987908
FISV,2015-12-31,5254e6,91.459999,0.03711014607185148,0.28871350868376067
FL,2013-02-02,6182e6,NA,NA,NA
FL,2014-02-01,6505e6,NA,0.05224846328049182,NA
FL,2015-01-31,7151e6,NA,0.09930822444273635,NA
FL,2016-01-30,7412e6,NA,0.03649839183330994,NA
FLIR,2012-12-31,1405358e3,22.32,NA,NA
FLIR,2013-12-31,1496372e3,30.1,0.0647621460154637,0.3485663082437276
FLIR,2014-12-31,1530654e3,32.310001,0.022910078509889242,0.07342196013289026
FLIR,2015-12-31,1557067e3,28.07,0.017256022589037023,-0.13122874864658773
FLR,2013-12-31,27351573e3,80.290001,NA,NA
FLR,2014-12-31,21531577e3,60.630001,-0.21278469066477457,-0.24486237084490758
FLR,2015-12-31,18114048e3,47.220001,-0.1587217229838762,-0.22117763118625045
FLR,2016-12-31,19036525e3,NA,0.05092605473939349,NA
FLS,2013-12-31,4954619e3,78.830002,NA,NA
FLS,2014-12-31,4877885e3,59.830002,-0.015487366435239514,-0.24102498437079822
FLS,2015-12-31,456103e4,42.080002,-0.06495745594658342,-0.29667389949276624
FLS,2016-12-31,3991462e3,NA,-0.12487705627895451,NA
FMC,2012-12-31,34099e5,58.52,NA,NA
FMC,2013-12-31,31307e5,75.459999,-0.08187923399513186,0.28947366712235123
FMC,2014-12-31,32587e5,57.029999,0.04088542498482761,-0.2442353597168746
FMC,2015-12-31,32765e5,39.130001,0.00546230091754385,-0.3138698634730819
FRT,2013-12-31,637413e3,101.410004,NA,NA
FRT,2014-12-31,68609e4,133.460007,0.07636650021257796,0.31604379978133124
FRT,2015-12-31,744012e3,146.100006,0.08442332638575123,0.09471001301535975
FRT,2016-12-31,801591e3,NA,0.07738988080837417,NA
FSLR,2012-12-31,3368545e3,30.860001,NA,NA
FSLR,2013-12-31,3309616e3,54.639999,-0.01749390315403243,0.7705767086656932
FSLR,2014-12-31,3391187e3,44.599998,0.02464666595762166,-0.18374819150344424
FSLR,2015-12-31,3578995e3,65.989998,0.05538119838274924,0.4795964340626204
FTR,2012-12-31,5011853e3,4.28,NA,NA
FTR,2013-12-31,4762e6,4.65,-0.04985241985349531,0.08644859813084116
FTR,2014-12-31,4772e6,6.67,0.002099958000840063,0.43440860215053756
FTR,2015-12-31,5576e6,4.67,0.16848281642917007,-0.2998500749625187
GD,2013-12-31,3093e7,95.550003,NA,NA
GD,2014-12-31,30852e6,137.619995,-0.0025218234723569655,0.4402929427432878
GD,2015-12-31,31469e6,137.360001,0.01999870348761834,-0.001889216752260281
GD,2016-12-31,31353e6,NA,-0.0036861673392862837,NA
GGP,2012-12-31,2426301e3,19.85,NA,NA
GGP,2013-12-31,2486017e3,20.07,0.024611950454622056,0.011083123425692731
GGP,2014-12-31,2535559e3,28.129999,0.01992826275926518,0.4015943697060289
GGP,2015-12-31,2403906e3,27.209999,-0.051922672672968795,-0.032705297998766425
GILD,2012-12-31,9702e6,36.7249985,NA,NA
GILD,2013-12-31,11202e6,75.099998,0.15460729746444035,1.0449285518691038
GILD,2014-12-31,2489e7,94.260002,1.2219246563113728,0.25512655805929585
GILD,2015-12-31,32639e6,101.190002,0.31132985134592195,0.07352004936303747
GIS,2013-05-26,177741e5,NA,NA,NA
GIS,2014-05-25,179096e5,NA,0.007623452101653605,NA
GIS,2015-05-31,176303e5,NA,-0.015594988162773049,NA
GIS,2016-05-29,165631e5,NA,-0.06053215203371465,NA
GLW,2013-12-31,7819e6,17.82,NA,NA
GLW,2014-12-31,9715e6,22.93,0.24248625143880287,0.28675645342311995
GLW,2015-12-31,9111e6,18.280001,-0.06217189912506438,-0.20279105974705636
GLW,2016-12-31,939e7,NA,0.030622324662495926,NA
GM,2013-12-31,155427e6,40.869999,NA,NA
GM,2014-12-31,155929e6,34.91,0.0032298120661147234,-0.14582821497010567
GM,2015-12-31,152356e6,34.009998,-0.022914275086738156,-0.025780635920939377
GM,2016-12-31,16638e7,NA,0.09204757279004427,NA
GPC,2012-12-31,13013868e3,63.580002,NA,NA
GPC,2013-12-31,14077843e3,83.190002,0.08175701490133447,0.3084303142991409
GPC,2014-12-31,15341647e3,106.57,0.08977255961726516,0.2810433638407652
GPC,2015-12-31,15280044e3,85.889999,-0.00401540981877635,-0.19405086797410143
GPN,2013-05-31,2375923e3,23.9799995,NA,NA
GPN,2014-05-31,2554236e3,NA,0.07504999109819632,NA
GPN,2015-05-31,2773718e3,NA,0.085928629930828615,NA
GPN,2016-05-31,289815e4,77.690002,0.04486108537349498,NA
GPS,2013-02-02,15651e6,NA,NA,NA
GPS,2014-02-01,16148e6,NA,0.031755159414733836,NA
GPS,2015-01-31,16435e6,NA,0.017773098835769163,NA
GPS,2016-01-30,15797e6,NA,-0.038819592333434794,NA
GRMN,2012-12-29,2715675e3,NA,NA,NA
GRMN,2013-12-28,2631851e3,NA,-0.030866727425041707,NA
GRMN,2014-12-27,2870658e3,NA,0.09073727958003697,NA
GRMN,2015-12-26,282027e4,NA,-0.017552770131447182,NA
GT,2013-12-31,1954e7,23.85,NA,NA
GT,2014-12-31,18138e6,28.57,-0.07175025588536332,0.19790356394129982
GT,2015-12-31,16443e6,32.669998,-0.09345021501819384,0.14350710535526767
GT,2016-12-31,15158e6,NA,-0.07814875630967588,NA
GWW,2012-12-31,8950045e3,202.369995,NA,NA
GWW,2013-12-31,9437758e3,255.419998,0.0544927986395598,0.26214361966061217
GWW,2014-12-31,9964953e3,254.889999,0.05586019476235782,-0.002075009804048289
GWW,2015-12-31,9973384e3,202.589996,8.460652047230788e-4,-0.2051865636360255
HAL,2013-12-31,29402e6,50.75,NA,NA
HAL,2014-12-31,3287e7,39.330002,0.11795115978504866,-0.22502459113300488
HAL,2015-12-31,23633e6,34.040001,-0.28101612412534227,-0.1345029425627795
HAL,2016-12-31,15887e6,NA,-0.32776202767316887,NA
HAR,2013-06-30,4297842e3,NA,NA,NA
HAR,2014-06-30,5348483e3,107.43,0.2444577999842712,NA
HAR,2015-06-30,6155297e3,118.940002,0.15084912862207855,0.10713955133575359
HAR,2016-06-30,6911676e3,71.82,0.12288261638715392,-0.3961661443388912
HAS,2012-12-31,4088983e3,35.900002,NA,NA
HAS,2013-12-29,4082157e3,NA,-0.0016693637513288673,NA
HAS,2014-12-28,4277207e3,NA,0.04778111179947264,NA
HAS,2015-12-27,4447509e3,NA,0.03981616975750768,NA
HBAN,2012-12-31,3036584e3,6.39,NA,NA
HBAN,2013-12-31,2872833e3,9.65,-0.05392605638441095,0.5101721439749609
HBAN,2014-12-31,2955641e3,10.52,0.028824508768870327,0.09015544041450774
HBAN,2015-12-31,3153251e3,11.06,0.06685859344893386,0.051330798479087614
HBI,2013-12-28,4627802e3,NA,NA,NA
HBI,2015-01-03,5324746e3,NA,0.15059935580649308,NA
HBI,2016-01-02,5731549e3,NA,0.07639857375356507,NA
HBI,2016-12-31,6028199e3,NA,0.05175738705191213,NA
HCA,2012-12-31,33013e6,NA,NA,NA
HCA,2013-12-31,34182e6,47.709999,0.03541029291491227,NA
HCA,2014-12-31,36918e6,73.389999,0.08004212743549233,0.5382519500786407
HCA,2015-12-31,39678e6,67.629997,0.07476027953843656,-0.0784848355155312
HCN,2012-12-31,1765979e3,61.290001,NA,NA
HCN,2013-12-31,2847945e3,53.57,0.61267206461685,-0.12595857193737026
HCN,2014-12-31,3305879e3,75.669998,0.16079453781586373,0.4125442971812583
HCN,2015-12-31,3775685e3,68.029999,0.14211227936654658,-0.10096470466405993
HCP,2013-12-31,2013719e3,33.0783251366,NA,NA
HCP,2014-12-31,156321e4,40.1001830601,-0.2237198933912825,0.21227972983827303
HCP,2015-12-31,1828305e3,34.8269590164,0.16958374114802233,-0.13150124616131498
HCP,2016-12-31,2040486e3,NA,0.11605339371713153,NA
HD,2013-02-03,74754e6,NA,NA,NA
HD,2014-02-02,78812e6,NA,0.05428472055007094,NA
HD,2015-02-01,83176e6,NA,0.05537227833324865,NA
HD,2016-01-31,88519e6,NA,0.06423727998461093,NA
HES,2012-12-31,12245e6,52.959999,NA,NA
HES,2013-12-31,11905e6,83,-0.027766435279706014,0.56722057339918
HES,2014-12-31,10737e6,73.82,-0.09811003779924399,-0.11060240963855428
HES,2015-12-31,6636e6,48.48,-0.38195026543727295,-0.343267407206719
HIG,2012-12-31,22086e6,22.440001,NA,NA
HIG,2013-12-31,20673e6,36.23,-0.06397718011409947,0.6145275572848681
HIG,2014-12-31,18614e6,41.689999,-0.09959851013399124,0.1507038089980679
HIG,2015-12-31,18377e6,43.459999,-0.012732351993123503,0.04245622553265127
HOG,2012-12-31,5580506e3,48.830002,NA,NA
HOG,2013-12-31,5899872e3,69.239998,0.057228860608697474,0.4179806505025332
HOG,2014-12-31,6228508e3,65.910004,0.0557022254042121,-0.04809350225573372
HOG,2015-12-31,5995402e3,45.389999,-0.0374256563530142,-0.31133369374397246
HOLX,2013-09-28,24923e5,NA,NA,NA
HOLX,2014-09-27,25307e5,NA,0.01540745496128082,NA
HOLX,2015-09-26,2705e6,NA,0.0688742245228593,NA
HOLX,2016-09-24,28327e5,NA,0.04720887245841032,NA
HON,2013-12-31,39055e6,91.370003,NA,NA
HON,2014-12-31,40306e6,99.919998,0.03203175009601833,0.09357551405574549
HON,2015-12-31,38581e6,103.57,-0.042797598372450785,0.03652924412588554
HON,2016-12-31,39302e6,NA,0.018687955211114327,NA
HP,2013-09-30,3387614e3,68.949997,NA,NA
HP,2014-09-30,3715968e3,97.870003,0.0969278081859386,0.4194344780029504
HP,2015-09-30,3161702e3,47.259998,-0.14915790448141641,-0.5171145749326277
HP,2016-09-30,1624232e3,67.300003,-0.4862792255563617,0.4240373645381872
HPE,2014-10-31,55123e6,NA,NA,NA
HPE,2015-10-31,52107e6,NA,-0.054714003229142105,NA
HPE,2016-10-31,50123e6,22.469999,-0.03807549849348457,NA
HPQ,2013-10-31,112298e6,11.0672107175,NA,NA
HPQ,2014-10-31,56651e6,16.2942765668,-0.49552975119770615,0.472302008403501
HPQ,2015-10-31,51463e6,NA,-0.09157825987184687,NA
HPQ,2016-10-31,48238e6,14.49,-0.06266638167226934,NA
HRB,2013-04-30,2807114e3,27.74,NA,NA
HRB,2014-04-30,3024295e3,28.42,0.07736807268960222,0.024513338139870333
HRB,2015-04-30,3078658e3,30.24,0.017975428984275732,0.06403940886699488
HRB,2016-04-30,3038153e3,NA,-0.013156706590988665,NA
HRL,2013-10-27,8751654e3,NA,NA,NA
HRL,2014-10-26,9316256e3,NA,0.06451374791553688,NA
HRL,2015-10-31,9263863e3,NA,-0.005623825708524932,NA
HRL,2016-10-30,9523224e3,NA,0.027997067745928472,NA
HRS,2013-06-28,5112e6,49.25,NA,NA
HRS,2014-06-27,5012e6,75.980003,-0.019561815336463173,0.54274117766497465
HRS,2015-07-03,5083e6,NA,0.014166001596169098,NA
HRS,2016-07-01,7467e6,82.589996,0.4690143615974818,NA
HSIC,2012-12-29,8939967e3,NA,NA,NA
HSIC,2013-12-28,9560647e3,NA,0.06942754934106588,NA
HSIC,2014-12-27,1037139e4,NA,0.08480001405762594,NA
HSIC,2015-12-26,10629719e3,NA,0.024907847453427223,NA
HST,2012-12-31,5059e6,15.67,NA,NA
HST,2013-12-31,5166e6,19.440001,0.02115042498517483,0.2405871729419271
HST,2014-12-31,5354e6,23.77,0.036391792489353536,0.22273656261643193
HST,2015-12-31,5387e6,15.34,0.006163615988046267,-0.3546487168700042
HSY,2012-12-31,6644252e3,72.220001,NA,NA
HSY,2013-12-31,7146079e3,97.230003,0.07552799020867962,0.3463029860661453
HSY,2014-12-31,7421768e3,103.93,0.038579058529859545,0.06890874003161351
HSY,2015-12-31,7386626e3,89.269997,-0.0047349903688717054,-0.14105650918887713
HUM,2013-12-31,41313e6,103.220001,NA,NA
HUM,2014-12-31,485e8,143.630005,0.17396461162345989,0.39149393149104905
HUM,2015-12-31,54289e6,178.509995,0.11936082474226795,0.2428461239697095
HUM,2016-12-31,54379e6,NA,0.0016577943966549213,NA
IBM,2012-12-31,102874e6,191.550003,NA,NA
IBM,2013-12-31,98367e6,187.570007,-0.04381087543985851,-0.020777843579569133
IBM,2014-12-31,92793e6,160.440002,-0.056665345085242014,-0.14463935590725874
IBM,2015-12-31,81741e6,137.619995,-0.119103811709935,-0.1422338987505124
IDXX,2012-12-31,1293338e3,46.4000015,NA,NA
IDXX,2013-12-31,1377058e3,53.1850015,0.06473172519480608,0.1462284435486494
IDXX,2014-12-31,1485807e3,74.135002,0.07897198229849423,0.393908055074512
IDXX,2015-12-31,1601892e3,72.919998,0.07812925904912271,-0.016389073544504584
IFF,2012-12-31,2821446e3,66.540001,NA,NA
IFF,2013-12-31,2952896e3,85.980003,0.046589585623825425,0.29215512034633107
IFF,2014-12-31,3088533e3,101.360001,0.045933551334012446,0.17887877952272224
IFF,2015-12-31,3023189e3,119.639999,-0.021156969991902308,0.18034725552143605
ILMN,2013-12-29,1421178e3,NA,NA,NA
ILMN,2014-12-28,1861358e3,NA,0.3097289713181599,NA
ILMN,2016-01-03,2219762e3,NA,0.19254974056575902,NA
ILMN,2017-01-01,2398373e3,NA,0.08046403172952776,NA
INTC,2013-12-28,52708e6,NA,NA,NA
INTC,2014-12-27,5587e7,NA,0.05999089322304019,NA
INTC,2015-12-26,55355e6,NA,-0.009217827098621845,NA
INTC,2016-12-31,59387e6,NA,0.07283894860446205,NA
INTU,2013-07-31,3946e6,63.919998,NA,NA
INTU,2014-07-31,4243e6,81.970001,0.07526609224531167,0.2823842860570802
INTU,2015-07-31,4192e6,105.769997,-0.01201979731322178,0.2903500757551536
INTU,2016-07-31,4694e6,NA,0.1197519083969465,NA
IP,2012-12-31,21852e6,39.2899418146,NA,NA
IP,2013-12-31,23483e6,48.3530641026,0.07463847702727433,0.23067283557625884
IP,2014-12-31,23617e6,53.580002,0.005706255589149611,0.1080994140580005
IP,2015-12-31,22365e6,37.700001,-0.05301266037176611,-0.2963792535879338
IPG,2012-12-31,69562e5,11.02,NA,NA
IPG,2013-12-31,71223e5,17.700001,0.023877979356545342,0.6061706896551724
IPG,2014-12-31,75371e5,20.77,0.0582396136079637,0.17344626138721675
IPG,2015-12-31,76138e5,23.280001,0.010176327765320847,0.12084742416947525
IRM,2012-12-31,3003955e3,28.6968595194,NA,NA
IRM,2013-12-31,3024623e3,28.0499103512,0.0068802628534714305,-0.02254424975536573
IRM,2014-12-31,3117693e3,38.66,0.030770777052214537,0.37825752438977345
IRM,2015-12-31,3007976e3,27.01,-0.035191726703046156,-0.30134505949301593
ISRG,2013-12-31,22651e5,384.079987,NA,NA
ISRG,2014-12-31,21317e5,528.940002,-0.0588936470795991,0.37716105994348514
ISRG,2015-12-31,23844e5,546.159973,0.11854388516207726,0.032555622442788756
ISRG,2016-12-31,27044e5,NA,0.13420567018956553,NA
ITW,2013-12-31,14135e6,84.080002,NA,NA
ITW,2014-12-31,14484e6,94.699997,0.024690484612663655,0.1263082153589863
ITW,2015-12-31,13405e6,92.68,-0.07449599558133113,-0.021330486420184203
ITW,2016-12-31,13599e6,NA,0.014472211861245698,NA
IVZ,2012-12-31,40504e5,26.09,NA,NA
IVZ,2013-12-31,46446e5,36.400002,0.14670156033971948,0.3951706400919892
IVZ,2014-12-31,51471e5,39.52,0.10819015631055429,0.08571422605965795
IVZ,2015-12-31,51229e5,33.48,-0.004701676672300925,-0.15283400809716619
JBHT,2012-12-31,505498e4,59.709999,NA,NA
JBHT,2013-12-31,5584571e3,77.300003,0.10476619096415818,0.29459059277492194
JBHT,2014-12-31,6165441e3,84.25,0.10401336109792503,0.08990940142654313
JBHT,2015-12-31,6187646e3,73.360001,0.0036015266385649447,-0.12925814836795257
JEC,2013-09-27,11818376e3,57.790001,NA,NA
JEC,2014-09-26,12695157e3,49.68,0.07418794257349748,-0.14033571309334292
JEC,2015-10-02,12114832e3,37.400002,-0.04571231375870344,-0.24718192431561992
JEC,2016-09-30,10964157e3,51.720001,-0.09498068153153094,0.382887653321516
JNPR,2012-12-31,43654e5,19.67,NA,NA
JNPR,2013-12-31,46691e5,22.57,0.06956979887295556,0.14743263853584132
JNPR,2014-12-31,46271e5,22.32,-0.008995309588571643,-0.01107665042091277
JNPR,2015-12-31,48578e5,27.6,0.049858442653065715,0.23655913978494625
JPM,2012-12-31,93646e6,43.970001,NA,NA
JPM,2013-12-31,97142e6,58.48,0.037332080387843636,0.3299976954742392
JPM,2014-12-31,91973e6,62.580002,-0.05321076362438493,0.07010947332421358
JPM,2015-12-31,89716e6,66.029999,-0.024539810596588163,0.055129384623541666
JWN,2013-02-02,12134e6,NA,NA,NA
JWN,2014-02-01,1254e7,NA,0.033459700016482685,NA
JWN,2015-01-31,13506e6,NA,0.07703349282296656,NA
JWN,2016-01-30,14437e6,NA,0.06893232637346358,NA
K,2012-12-29,14197e6,NA,NA,NA
K,2013-12-28,14792e6,NA,0.041910262731563064,NA
K,2015-01-03,1458e7,NA,-0.014332071389940526,NA
K,2016-01-02,13525e6,NA,-0.07235939643347056,NA
KEY,2013-09-30,1287577e3,11.4,NA,NA
KEY,2014-09-30,1463767e3,13.33,0.13683841820722176,0.16929824561403506
KEY,2015-09-30,1627413e3,13.01,0.11179784760825995,-0.02400600150037513
KEY,2016-09-30,1822114e3,12.17,0.11963834625875536,-0.06456571867794003
KIM,2012-12-31,793373e3,19.32,NA,NA
KIM,2013-12-31,861527e3,19.75,0.08590410815593663,0.02225672877846785
KIM,2014-12-31,993897e3,25.139999,0.15364579403779577,0.2729113417721518
KIM,2015-12-31,1166769e3,26.459999,0.1739335162496718,0.052505968675655046
KLAC,2013-06-30,2842781e3,NA,NA,NA
KLAC,2014-06-30,2929408e3,72.639999,0.030472625221569904,NA
KLAC,2015-06-30,2814049e3,56.209999,-0.03937962892161151,-0.2261839238186113
KLAC,2016-06-30,2984493e3,73.25,0.060568952424069344,0.30314892907221
KMB,2013-12-31,19561e6,100.153395014,NA,NA
KMB,2014-12-31,19724e6,115.540001,0.008332907315576898,0.15363039848872995
KMB,2015-12-31,18591e6,127.300003,-0.057442709389576185,0.10178294874690197
KMB,2016-12-31,18202e6,NA,-0.020924103060620758,NA
KMI,2013-12-31,1407e7,36,NA,NA
KMI,2014-12-31,16226e6,42.310001,0.15323383084577125,0.1752778055555555
KMI,2015-12-31,14403e6,14.92,-0.11235054850240356,-0.6473646975333326
KMI,2016-12-31,13058e6,NA,-0.09338332291883633,NA
KMX,2013-02-28,10962818e3,38.41,NA,NA
KMX,2014-02-28,12574299e3,48.43,0.1469951430371279,0.26086956521739135
KMX,2015-02-28,14268716e3,NA,0.13475240249973375,NA
KMX,2016-02-29,15149675e3,46.259998,0.061740593897867235,NA
KO,2012-12-31,48017e6,36.25,NA,NA
KO,2013-12-31,46854e6,41.310001,-0.024220588541558175,0.13958623448275853
KO,2014-12-31,45998e6,42.220001,-0.018269518077432045,0.02202856397897457
KO,2015-12-31,44294e6,42.959999,-0.037045088916909386,0.017527190489645017
KORS,2013-03-30,2181732e3,NA,NA,NA
KORS,2014-03-29,33108e5,NA,0.5175099416426949,NA
KORS,2015-03-28,43715e5,NA,0.3203757400024163,NA
KORS,2016-04-02,47121e5,NA,0.07791375957909175,NA
KR,2013-02-02,96619e6,NA,NA,NA
KR,2014-02-01,98375e6,NA,0.018174479139713817,NA
KR,2015-01-31,108465e6,NA,0.10256670902160092,NA
KR,2016-01-30,10983e7,NA,0.012584704743465736,NA
KSS,2013-02-02,19279e6,NA,NA,NA
KSS,2014-02-01,19031e6,NA,-0.012863737745733683,NA
KSS,2015-01-31,19023e6,NA,-4.203667700067859e-4,NA
KSS,2016-01-30,19204e6,NA,0.009514797876255088,NA
KSU,2013-12-31,23693e5,123.830002,NA,NA
KSU,2014-12-31,25771e5,122.029999,0.08770522939264769,-0.014536081490170605
KSU,2015-12-31,24188e5,74.669998,-0.06142563346397112,-0.38810129794395876
KSU,2016-12-31,23342e5,NA,-0.034976021167521076,NA
LB,2013-02-02,10459e6,NA,NA,NA
LB,2014-02-01,10773e6,NA,0.030021990630079376,NA
LB,2015-01-31,11454e6,NA,0.06321358952937906,NA
LB,2016-01-30,12154e6,NA,0.061114021302601795,NA
LEG,2012-12-31,34145e5,27.219999,NA,NA
LEG,2013-12-31,34772e5,30.940001,0.018362864255381472,0.13666429598325847
LEG,2014-12-31,37823e5,42.610001,0.08774301161854359,0.3771816296967798
LEG,2015-12-31,39172e5,42.02,0.03566612907490141,-0.013846538046314416
LEN,2013-11-30,5935095e3,NA,NA,NA
LEN,2014-11-30,7779812e3,NA,0.31081507541159836,NA
LEN,2015-11-30,9474008e3,51.209999,0.21776824427119834,NA
LEN,2016-11-30,10949999e3,42.540001,0.155793725316677,-0.16930283478427732
LH,2012-12-31,56714e5,86.620003,NA,NA
LH,2013-12-31,58083e5,91.370003,0.02413866064816439,0.05483721814232667
LH,2014-12-31,60116e5,107.900002,0.03500163559044811,0.1809127553602028
LH,2015-12-31,86801e5,123.639999,0.4438918091689401,0.14587578042862326
LKQ,2012-12-31,412293e4,21.1,NA,NA
LKQ,2013-12-31,5062528e3,32.900002,0.2278956955369118,0.5592418009478672
LKQ,2014-12-31,6740064e3,28.120001,0.33136330307703976,-0.1452887753623845
LKQ,2015-12-31,7192633e3,29.629999,0.0671460983159804,0.05369836224401281
LLL,2012-12-31,13107e6,76.620003,NA,NA
LLL,2013-12-31,1142e7,106.860001,-0.1287098496986343,0.394674978021079
LLL,2014-12-31,10986e6,126.209999,-0.038003502626970276,0.18107802563093744
LLL,2015-12-31,10466e6,119.510002,-0.04733296923357,-0.05308610294815075
LLTC,2013-06-30,1282236e3,NA,NA,NA
LLTC,2014-06-29,1388386e3,NA,0.08278507232677912,NA
LLTC,2015-06-28,1475139e3,NA,0.06248478449076833,NA
LLTC,2016-07-03,1423936e3,NA,-0.03471062726970131,NA
LLY,2012-12-31,226034e5,49.32,NA,NA
LLY,2013-12-31,231131e5,51,0.022549704911650537,0.03406326034063256
LLY,2014-12-31,196156e5,68.989998,-0.15132111226966527,0.35274505882352947
LLY,2015-12-31,199587e5,84.260002,0.01749118048899856,0.2213364899648207
LMT,2013-12-31,45358e6,148.660004,NA,NA
LMT,2014-12-31,39946e6,192.570007,-0.11931743022179109,0.2953720020080184
LMT,2015-12-31,40536e6,217.149994,0.014769939418214584,0.12764182430548487
LMT,2016-12-31,47248e6,NA,0.16558121176238405,NA
LNT,2012-12-31,30945e5,21.955,NA,NA
LNT,2013-12-31,32768e5,25.799999,0.05891097107771848,0.1751309041220679
LNT,2014-12-31,33503e5,33.209999,0.022430419921875,0.2872093134577254
LNT,2015-12-31,32536e5,31.2250005,-0.028863086887741418,-0.05977110989976253
LOW,2013-02-01,50521e6,38.560001,NA,NA
LOW,2014-01-31,53417e6,46.290001,0.057322697492131924,0.20046679978042525
LOW,2015-01-30,56223e6,67.760002,0.05253009341595383,0.46381509043389313
LOW,2016-01-29,59074e6,71.660004,0.05070878466108186,0.05755610810046918
LRCX,2013-06-30,3598916e3,NA,NA,NA
LRCX,2014-06-29,4607309e3,NA,0.28019353605363384,NA
LRCX,2015-06-28,5259312e3,NA,0.14151492769423535,NA
LRCX,2016-06-26,5885893e3,NA,0.11913744611462485,NA
LUK,2012-12-31,781061e4,23.1645589094,NA,NA
LUK,2013-12-31,9531778e3,28.34,0.22036281417200443,0.22342066217802437
LUK,2014-12-31,10681897e3,22.42,0.12066153869718743,-0.20889202540578677
LUK,2015-12-31,10116502e3,17.389999,-0.05293020518733704,-0.2243533006244426
LUV,2013-12-31,17699e6,18.84,NA,NA
LUV,2014-12-31,18605e6,42.32,0.05118933273066273,1.246284501061571
LUV,2015-12-31,1982e7,43.060001,0.06530502553077122,0.017485845935727884
LUV,2016-12-31,20425e6,NA,0.030524722502522694,NA
LVLT,2012-12-31,6376e6,23.110001,NA,NA
LVLT,2013-12-31,6313e6,33.169998,-0.00988080301129235,0.43530924122417813
LVLT,2014-12-31,6777e6,49.380001,0.0734991287818787,0.4886947234666701
LVLT,2015-12-31,8229e6,54.360001,0.2142540947321825,0.10085054473773702
LYB,2012-12-31,45352e6,57.09,NA,NA
LYB,2013-12-31,44062e6,80.279999,-0.02844417004762745,0.4062007181643019
LYB,2014-12-31,45608e6,79.389999,0.03508692297217553,-0.011086198444023365
LYB,2015-12-31,32735e6,86.900002,-0.2822531134888616,0.0945963357424906
M,2013-02-02,27686e6,NA,NA,NA
M,2014-02-01,27931e6,NA,0.008849237881962013,NA
M,2015-01-31,28105e6,NA,0.006229637320539938,NA
M,2016-01-30,27079e6,NA,-0.036505959793631026,NA
MA,2013-12-31,8312e6,83.5459976,NA,NA
MA,2014-12-31,9441e6,86.160004,0.13582771896053902,0.03128823013778925
MA,2015-12-31,9667e6,97.360001,0.023938142145959018,0.12999067409514042
MA,2016-12-31,10776e6,NA,0.11472018206268753,NA
MAA,2012-12-31,475888e3,64.75,NA,NA
MAA,2013-12-31,63549e4,60.740002,0.3353772316175234,-0.06193047104247107
MAA,2014-12-31,992332e3,74.68,0.5615226046043211,0.2295027583304987
MAA,2015-12-31,1042779e3,90.809998,0.050836816710536414,0.21598818960899813
MAC,2012-12-31,797517e3,58.299999,NA,NA
MAC,2013-12-31,1029475e3,58.889999,0.29085022639015845,0.010120068784220893
MAC,2014-12-31,1105247e3,83.410004,0.07360256441390023,0.41636959443656973
MAC,2015-12-31,1288149e3,80.690002,0.16548518114050514,-0.03261002121520096
MAR,2012-12-31,11814e6,37.27,NA,NA
MAR,2013-12-31,12784e6,49.349998,0.08210597596072455,0.3241212235041586
MAR,2014-12-31,13796e6,78.029999,0.07916145181476852,0.5811550590133763
MAR,2015-12-31,14486e6,67.040001,0.05001449695563931,-0.1408432415845603
MAS,2013-12-31,6761e6,20.0087873462,NA,NA
MAS,2014-12-31,7006e6,22.1441133568,0.036237243011388864,0.10671941150924047
MAS,2015-12-31,7142e6,28.299999,0.019411932629175066,0.27799196761741896
MAS,2016-12-31,7357e6,NA,0.03010361243349191,NA
MAT,2012-12-31,6420881e3,36.619999,NA,NA
MAT,2013-12-31,6484892e3,47.580002,0.009969192701126284,0.2992900955568021
MAT,2014-12-31,6023819e3,30.950001,-0.07109956495805947,-0.3495166099404535
MAT,2015-12-31,5702613e3,27.17,-0.053322651294801515,-0.12213250009264942
MCD,2012-12-31,27567e6,88.209999,NA,NA
MCD,2013-12-31,281057e5,97.029999,0.019541480755976393,0.09998866455037603
MCD,2014-12-31,274413e5,93.699997,-0.023639332946697622,-0.03431930366195313
MCD,2015-12-31,25413e6,118.139999,-0.07391413672092795,0.26083247366592777
MCHP,2013-03-31,1581623e3,NA,NA,NA
MCHP,2014-03-31,1931217e3,47.759998,0.2210349748328142,NA
MCHP,2015-03-31,2147036e3,48.900002,0.11175284807455599,0.023869431485319614
MCHP,2016-03-31,2173334e3,48.200001,0.012248513765023006,-0.014314948289777196
MCK,2013-03-31,122196e6,NA,NA,NA
MCK,2014-03-31,137392e6,176.570007,0.12435758944646302,NA
MCK,2015-03-31,179045e6,226.199997,0.3031690345871667,0.2810782580985003
MCK,2016-03-31,190884e6,157.25,0.06612304169342909,-0.30481873525400616
MCO,2012-12-31,27303e5,50.32,NA,NA
MCO,2013-12-31,29725e5,78.470001,0.0887082005640405,0.5594197337042925
MCO,2014-12-31,33343e5,95.809998,0.12171572750210258,0.22097612818942114
MCO,2015-12-31,34845e5,100.339996,0.04504693638844737,0.0472810572441511
MDLZ,2012-12-31,35015e6,25.450001,NA,NA
MDLZ,2013-12-31,35299e6,35.299999,0.008110809653005813,0.3870333050281609
MDLZ,2014-12-31,34244e6,36.330002,-0.029887532224708968,0.02917855606738118
MDLZ,2015-12-31,29636e6,44.84,-0.1345637191916832,0.23424160560189344
MET,2012-12-31,6815e7,32.939999,NA,NA
MET,2013-12-31,68199e6,53.919998,7.190022010270525e-4,0.6369155931061199
MET,2014-12-31,73316e6,54.09,0.07503042566606544,0.003152856200031806
MET,2015-12-31,69951e6,48.209999,-0.0458972120683071,-0.10870772786097249
MHK,2012-12-31,578798e4,90.470001,NA,NA
MHK,2013-12-31,7348754e3,148.899994,0.26965780807812045,0.6458493683447621
MHK,2014-12-31,7803446e3,155.360001,0.06187334614820417,0.043384870787839036
MHK,2015-12-31,8071563e3,189.389999,0.03435879481962201,0.219039635562309
MJN,2012-12-31,39013e5,65.889999,NA,NA
MJN,2013-12-31,42007e5,83.760002,0.07674364955271318,0.271209641390342
MJN,2014-12-31,44093e5,100.540001,0.049658390268288555,0.20033427172076723
MJN,2015-12-31,40713e5,78.949997,-0.07665615857392327,-0.2147404394794069
MKC,2013-11-30,41234e5,NA,NA,NA
MKC,2014-11-30,42432e5,NA,0.029053693553863225,NA
MKC,2015-11-30,42963e5,85.919998,0.012514140271493224,NA
MKC,2016-11-30,44115e5,91.199997,0.026813769988129232,0.06145250375820521
MLM,2012-12-31,2031901e3,94.279999,NA,NA
MLM,2013-12-31,2155551e3,99.940002,0.06085434280508739,0.06003397390786991
MLM,2014-12-31,2957951e3,110.32,0.3722482093905457,0.10386229529993396
MLM,2015-12-31,353957e4,136.580002,0.1966290178572938,0.23803482596084136
MMC,2012-12-31,11924e6,34.470001,NA,NA
MMC,2013-12-31,12261e6,48.360001,0.02826232807782625,0.402959083174961
MMC,2014-12-31,12951e6,57.240002,0.056275997063861105,0.18362284566536724
MMC,2015-12-31,12893e6,55.450001,-0.00447841865493015,-0.031271854253254516
MMM,2013-12-31,30871e6,140.25,NA,NA
MMM,2014-12-31,31821e6,164.320007,0.030773217582844792,0.1716221532976827
MMM,2015-12-31,30274e6,150.639999,-0.04861569403852806,-0.08325223598609033
MMM,2016-12-31,30109e6,NA,-0.00545022131201689,NA
MNST,2012-12-31,2060702e3,17.6133333333,NA,NA
MNST,2013-12-31,2246428e3,22.589999,0.09012753906193138,0.2825510408805496
MNST,2014-12-31,2464867e3,36.116665,0.09723837131659674,0.598790022080125
MNST,2015-12-31,2722564e3,49.6533316666,0.10454803443755778,0.37480389362085353
MO,2012-12-31,24618e6,31.440001,NA,NA
MO,2013-12-31,24466e6,38.389999,-0.006174343975952512,0.22105590899949412
MO,2014-12-31,24522e6,49.27,0.0022888907054687824,0.28340717070609966
MO,2015-12-31,25434e6,58.209999,0.037191093711768985,0.18144913740612956
MON,2013-08-31,14861e6,NA,NA,NA
MON,2014-08-31,15855e6,NA,0.06688648139425335,NA
MON,2015-08-31,15001e6,97.650002,-0.05386313465783665,NA
MON,2016-08-31,13502e6,106.5,-0.09992667155522961,0.0906297779696923
MOS,2013-05-31,99741e5,60.82,NA,NA
MOS,2014-12-31,90558e5,45.650002,-0.09206845730441848,-0.24942449852022364
MOS,2015-12-31,88953e5,27.59,-0.01772344795600611,-0.3956188654712436
MOS,2016-12-31,71628e5,NA,-0.1947657751846481,NA
MPC,2012-12-31,82243e6,NA,NA,NA
MPC,2013-12-31,10016e7,45.8650015,0.2178544070619992,NA
MPC,2014-12-31,97817e6,45.130001,-0.023392571884984004,-0.016025301994157748
MPC,2015-12-31,72051e6,51.84,-0.26341024566281934,0.1486815610750818
MRK,2012-12-31,47267e6,40.939999,NA,NA
MRK,2013-12-31,44033e6,50.049999,-0.06841982778682798,0.22252076752615446
MRK,2014-12-31,42237e6,56.790001,-0.04078759112483821,0.1346653773159916
MRK,2015-12-31,39498e6,52.82,-0.06484835570708147,-0.06990669008792583
MRO,2012-12-31,11966e6,30.66,NA,NA
MRO,2013-12-31,11325e6,35.299999,-0.05356844392445259,0.1513372146118721
MRO,2014-12-31,10846e6,28.290001,-0.0422958057395143,-0.19858351837347077
MRO,2015-12-31,5522e6,12.59,-0.4908722109533469,-0.5549664349605361
MSFT,2013-06-30,77849e6,NA,NA,NA
MSFT,2014-06-30,86833e6,41.700001,0.11540289534868786,NA
MSFT,2015-06-30,9358e7,44.150002,0.07770087409164717,0.05875302017378847
MSFT,2016-06-30,8532e7,51.169998,-0.08826672365890142,0.15900329970539984
MTB,2012-12-31,4608955e3,98.470001,NA,NA
MTB,2013-12-31,4822539e3,116.419998,0.04634109033392608,0.18228898971982344
MTB,2014-12-31,473615e4,125.620003,-0.01791359281905236,0.07902426694767661
MTB,2015-12-31,4995881e3,121.18,0.05484011274980727,-0.03534471337339473
MTD,2013-12-31,2378972e3,242.589996,NA,NA
MTD,2014-12-31,2485983e3,302.459991,0.044982034256813463,0.2467949873744999
MTD,2015-12-31,2395447e3,339.130005,-0.036418591760281505,0.12123922201664006
MTD,2016-12-31,2508257e3,NA,0.04709350697385495,NA
MU,2013-08-29,9073e6,13.57,NA,NA
MU,2014-08-28,16358e6,32.810001,0.8029317755979279,1.4178335298452467
MU,2015-09-03,16192e6,16.59,-0.010147939845946974,-0.4943614905711219
MU,2016-09-01,12399e6,16.639999,-0.23425148221343872,0.003013803496082046
MUR,2012-12-31,4608563e3,51.4248696028,NA,NA
MUR,2013-12-31,5312686e3,64.879997,0.1527858032970364,0.2616463104549591
MUR,2014-12-31,5288933e3,50.52,-0.00447099640370241,-0.22133165326749316
MUR,2015-12-31,2787116e3,22.450001,-0.4730286808322208,-0.5556215162311956
MYL,2014-12-31,77196e5,56.369999,NA,NA
MYL,2015-12-31,94293e5,54.07,0.2214752059692211,-0.040801827936878254
NAVI,2013-12-31,6263e6,NA,NA,NA
NAVI,2014-12-31,5637e6,NA,-0.09995209963276386,NA
NAVI,2015-12-31,5197e6,11.45,-0.07805570338832712,NA
NBL,2013-12-31,5015e6,68.110001,NA,NA
NBL,2014-12-31,5115e6,47.43,0.019940179461615193,-0.3036264967900969
NBL,2015-12-31,3183e6,32.93,-0.37771260997067446,-0.3057136833227915
NBL,2016-12-31,3491e6,NA,0.09676405906377639,NA
NDAQ,2012-12-31,3023e6,24.99,NA,NA
NDAQ,2013-12-31,31e8,39.799999,0.025471386040357258,0.5926370148059223
NDAQ,2014-12-31,3383e6,47.959999,0.09129032258064518,0.2050251307795259
NDAQ,2015-12-31,3292e6,58.169998,-0.026899201891812052,0.2128857217032052
NEE,2012-12-31,14256e6,69.190002,NA,NA
NEE,2013-12-31,15136e6,85.620003,0.06172839506172845,0.23746206858037078
NEE,2014-12-31,17021e6,106.290001,0.1245375264270614,0.24141552529494792
NEE,2015-12-31,17486e6,103.889999,0.02731919393690152,-0.02257975329212769
NEM,2012-12-31,9964e6,46.439999,NA,NA
NEM,2013-12-31,8414e6,23.030001,-0.15556001605780811,-0.5040912683912848
NEM,2014-12-31,7292e6,18.9,-0.13334917993819828,-0.17933134262564732
NEM,2015-12-31,7729e6,17.99,0.059928688974218325,-0.04814814814814816
NFLX,2013-12-31,4374562e3,52.5957145714,NA,NA
NFLX,2014-12-31,5504656e3,48.8014297142,0.2583330628300615,-0.07214057054114487
NFLX,2015-12-31,6779511e3,114.379997,0.23159576184233854,1.343783730719641
NFLX,2016-12-31,8830669e3,NA,0.30255249973043785,NA
NFX,2012-12-31,1562e6,26.780001,NA,NA
NFX,2013-12-31,1857e6,24.629999,0.18886043533930863,-0.08028386556072187
NFX,2014-12-31,2288e6,27.120001,0.23209477652127086,0.10109630942331727
NFX,2015-12-31,1557e6,32.560001,-0.319493006993007,0.2005899631050898
NKE,2013-05-31,25313e6,30.83,NA,NA
NKE,2014-05-31,27799e6,NA,0.09821040572038076,NA
NKE,2015-05-31,30601e6,NA,0.10079499262563396,NA
NKE,2016-05-31,32376e6,55.220001,0.058004640371229765,NA
NLSN,2013-12-31,5703e6,45.889999,NA,NA
NLSN,2014-12-31,6288e6,44.73,0.1025775907417148,-0.025277817068595
NLSN,2015-12-31,6172e6,46.599998,-0.01844783715012721,0.04180634920634918
NLSN,2016-12-31,6309e6,NA,0.022197018794556156,NA
NOV,2012-12-31,17194e6,61.632097385,NA,NA
NOV,2013-12-31,19221e6,71.7132470694,0.11788996161451659,0.16356979742918076
NOV,2014-12-31,2144e7,65.529999,0.11544664689662354,-0.08622183936834149
NOV,2015-12-31,14757e6,33.490002,-0.3117070895522388,-0.48893632670435416
NSC,2013-12-31,11245e6,92.830002,NA,NA
NSC,2014-12-31,11624e6,109.610001,0.03370386838594941,0.18076051533425597
NSC,2015-12-31,10511e6,84.589996,-0.09575017205781144,-0.22826388807349796
NSC,2016-12-31,9888e6,NA,-0.05927123965369607,NA
NTAP,2013-04-26,63324e5,34.869999,NA,NA
NTAP,2014-04-25,6325e6,35,-0.0011685932663760834,0.00372816185053515
NTAP,2015-04-24,6123e6,36.119999,-0.031936758893280626,0.03199997142857147
NTAP,2016-04-29,5546e6,23.639999,-0.09423485219663563,-0.34551495973186486
NTRS,2012-12-31,41935e5,50.16,NA,NA
NTRS,2013-12-31,43117e5,61.889999,0.028186479074758575,0.2338516547049443
NTRS,2014-12-31,45126e5,67.400002,0.046594150798988876,0.08902897219306793
NTRS,2015-12-31,48565e5,72.089996,0.0762088374772858,0.06958447864734474
NUE,2012-12-31,19429273e3,43.16,NA,NA
NUE,2013-12-31,19052046e3,53.380001,-0.019415394492629745,0.23679335032437443
NUE,2014-12-31,21105141e3,49.049999,0.10776244189206774,-0.0811165589899483
NUE,2015-12-31,16439276e3,40.299999,-0.22107717735692933,-0.17838940220977373
NVDA,2013-01-27,4280159e3,NA,NA,NA
NVDA,2014-01-26,413e7,NA,-0.03508257520339786,NA
NVDA,2015-01-25,4682e6,NA,0.13365617433414045,NA
NVDA,2016-01-31,501e7,NA,0.07005553182400681,NA
NWL,2012-12-31,55085e5,22.27,NA,NA
NWL,2013-12-31,5607e6,32.41,0.017881455931741952,0.4553210597215984
NWL,2014-12-31,5727e6,38.09,0.021401819154628132,0.1752545510644865
NWL,2015-12-31,59157e5,44.080002,0.03294918805657421,0.15725917563664993
NWS,2013-06-30,8891e6,NA,NA,NA
NWS,2014-06-30,8486e6,17.450001,-0.045551681475649586,NA
NWS,2015-06-30,8524e6,14.24,0.004477963704925703,-0.1839542014925959
NWS,2016-06-30,8292e6,11.67,-0.027217268887846036,-0.1804775280898877
NWSA,2013-06-30,8891e6,NA,NA,NA
NWSA,2014-06-30,8486e6,17.940001,-0.045551681475649586,NA
NWSA,2015-06-30,8524e6,14.59,0.004477963704925703,-0.18673360163134878
NWSA,2016-06-30,8292e6,11.35,-0.027217268887846036,-0.2220699108978753
O,2012-12-31,484581e3,40.209999,NA,NA
O,2013-12-31,780209e3,37.330002,0.6100693176166627,-0.07162390130872676
O,2014-12-31,933505e3,47.709999,0.19648068658526108,0.27806044585799916
O,2015-12-31,1023285e3,51.630001,0.09617516778164026,0.08216311218115924
OKE,2012-12-31,10184121e3,37.4277727193,NA,NA
OKE,2013-12-31,11871879e3,54.4388005603,0.1657244645856033,0.4545028091460033
OKE,2014-12-31,12195091e3,49.790001,0.02722500793682281,-0.08539496668650315
OKE,2015-12-31,7763206e3,24.66,-0.36341549234851955,-0.5047198332050646
OMC,2013-12-31,145845e5,74.370003,NA,NA
OMC,2014-12-31,153178e5,77.470001,0.05027940621893112,0.04168344594526907
OMC,2015-12-31,151344e5,75.660004,-0.011972998733499551,-0.023363843767086
OMC,2016-12-31,154169e5,NA,0.018666085209853023,NA
ORLY,2012-12-31,6182184e3,89.419998,NA,NA
ORLY,2013-12-31,6649237e3,128.710007,0.07554822049942223,0.4393872721849086
ORLY,2014-12-31,7216081e3,192.619995,0.08524948050430448,0.4965424949436916
ORLY,2015-12-31,7966674e3,253.419998,0.10401670934680474,0.31564741240908045
OXY,2012-12-31,201e8,73.5220758158,NA,NA
OXY,2013-12-31,2017e7,91.2667975048,0.0034825870646766344,0.24135229442456296
OXY,2014-12-31,19312e6,80.610001,-0.04253842340109071,-0.11676531658996281
OXY,2015-12-31,1248e7,67.610001,-0.3537696768848384,-0.16127031185621743
PAYX,2013-05-31,23262e5,37.23,NA,NA
PAYX,2014-05-31,25189e5,NA,0.0828389648353538,NA
PAYX,2015-05-31,27396e5,NA,0.08761761086188424,NA
PAYX,2016-05-31,29519e5,54.220001,0.07749306468097528,NA
PBCT,2012-12-31,13553e5,12.09,NA,NA
PBCT,2013-12-31,13461e5,15.12,-0.006788164981922806,0.250620347394541
PBCT,2014-12-31,13814e5,15.18,0.02622390609910119,0.003968253968253954
PBCT,2015-12-31,14213e5,16.15,0.028883741132184726,0.06389986824769434
PBI,2012-12-31,3823713e3,10.64,NA,NA
PBI,2013-12-31,3791335e3,23.299999,-0.008467685728505203,1.189849530075188
PBI,2014-12-31,3821504e3,24.370001,0.007957355390647347,0.045922834588962846
PBI,2015-12-31,357806e4,20.65,-0.06370371455845658,-0.15264673152865282
PCAR,2012-12-31,165968e5,45.209999,NA,NA
PCAR,2013-12-31,16661e6,59.169998,0.0038682155596259093,0.30878122779874406
PCAR,2014-12-31,185344e5,68.010002,0.1124422303583219,0.14940010645259783
PCAR,2015-12-31,186713e5,47.400002,0.007386265538674053,-0.30304366113678394
PCG,2013-12-31,15598e6,40.279999,NA,NA
PCG,2014-12-31,1709e7,53.240002,0.09565328888319025,0.32174784810694756
PCG,2015-12-31,16833e6,53.189999,-0.015038033937975426,-9.391998144552272e-4
PCG,2016-12-31,17666e6,NA,0.049486128438186894,NA
PCLN,2012-12-31,5260956e3,620.390015,NA,NA
PCLN,2013-12-31,6793306e3,1162.400024,0.29126835502900983,0.873660110406516
PCLN,2014-12-31,8441971e3,1140.209961,0.24268964183271002,-0.01908986798162693
PCLN,2015-12-31,9223987e3,1274.949951,0.09263429120995559,0.11817120934624081
PDCO,2013-04-27,3637212e3,NA,NA,NA
PDCO,2014-04-26,3585141e3,NA,-0.014316185034031537,NA
PDCO,2015-04-25,3910865e3,NA,0.09085388831290042,NA
PDCO,2016-04-30,5386703e3,NA,0.37736868953543534,NA
PEG,2012-12-31,9781e6,30.6,NA,NA
PEG,2013-12-31,9968e6,32.040001,0.019118699519476534,0.04705885620915007
PEG,2014-12-31,10886e6,41.41,0.0920947030497592,0.2924469009848034
PEG,2015-12-31,10415e6,38.689999,-0.043266580929634424,-0.0656846413909683
PEP,2013-12-28,66415e6,NA,NA,NA
PEP,2014-12-27,66683e6,NA,0.004035233004592298,NA
PEP,2015-12-26,63056e6,NA,-0.05439167403986023,NA
PEP,2016-12-31,62799e6,NA,-0.0040757421974118024,NA
PFE,2012-12-31,54657e6,25.08,NA,NA
PFE,2013-12-31,51584e6,30.629999,-0.05622335656914945,0.22129182615629994
PFE,2014-12-31,49605e6,31.15,-0.038364609181141485,0.016976853312988816
PFE,2015-12-31,48851e6,32.279999,-0.015200080637032598,0.03627605136436585
PFG,2013-12-31,92895e5,49.310001,NA,NA
PFG,2014-12-31,104776e5,51.939999,0.12789708811023193,0.0533359956735755
PFG,2015-12-31,119644e5,44.98,0.14190272581507224,-0.1340007534462987
PFG,2016-12-31,123941e5,NA,0.0359148808130787,NA
PG,2013-12-31,2104745e3,81.410004,NA,NA
PG,2014-12-31,2819557e3,91.089996,0.3396192887974552,0.11890420739937557
PG,2015-12-31,4103728e3,79.410004,0.45545133508561797,-0.1282247503886157
PG,2016-12-31,4860427e3,NA,0.18439306893634266,NA
PGR,2012-12-31,170839e5,21.1,NA,NA
PGR,2013-12-31,181709e5,27.27,0.06362715773330452,0.2924170616113744
PGR,2014-12-31,193914e5,26.99,0.06716783428448792,-0.010267693436010306
PGR,2015-12-31,208538e5,31.799999,0.07541487463514751,0.1782141163393851
PH,2013-06-30,13015704e3,NA,NA,NA
PH,2014-06-30,13215971e3,125.730003,0.01538656687337081,NA
PH,2015-06-30,12711744e3,116.330002,-0.038152853089644334,-0.074763388019644
PH,2016-06-30,11360753e3,108.050003,-0.10627896534102643,-0.07117681473090653
PHM,2013-12-31,5679595e3,20.370001,NA,NA
PHM,2014-12-31,5822363e3,21.459999,0.02513700360677129,0.05350996300883848
PHM,2015-12-31,5981964e3,17.82,0.027411722697468388,-0.1696178550614098
PHM,2016-12-31,7668476e3,NA,0.2819328234004752,NA
PKI,2012-12-30,2105188e3,NA,NA,NA
PKI,2013-12-29,2157586e3,NA,0.024889938570807013,NA
PKI,2014-12-28,2237219e3,NA,0.03690837815966552,NA
PKI,2016-01-03,2262359e3,NA,0.011237165427255835,NA
PM,2013-12-31,80029e6,87.129997,NA,NA
PM,2014-12-31,80106e6,81.449997,9.621512201827276e-4,-0.06518994830219038
PM,2015-12-31,73908e6,87.910004,-0.07737248146206277,0.07931255049647223
PM,2016-12-31,74953e6,NA,0.014139200086594084,NA
PNC,2012-12-31,16606e6,58.310001,NA,NA
PNC,2013-12-31,16872e6,77.580002,0.016018306636155666,0.33047505864388493
PNC,2014-12-31,16281e6,91.230003,-0.035028449502133685,0.17594741748008724
PNC,2015-12-31,1627e7,95.309998,-6.756341748049843e-4,0.04472207460083055
PNR,2012-12-31,43068e5,49.150002,NA,NA
PNR,2013-12-31,69997e5,77.669998,0.6252670195969166,0.580264391443972
PNR,2014-12-31,7039e6,66.419998,0.0056145263368430065,-0.14484357267525616
PNR,2015-12-31,6449e6,49.529999,-0.08381872425060377,-0.254290868843447
PNW,2012-12-31,3301804e3,50.98,NA,NA
PNW,2013-12-31,3454628e3,52.919998,0.046285000563328405,0.038054099646920525
PNW,2014-12-31,3491632e3,68.309998,0.010711428263766809,0.29081633752140346
PNW,2015-12-31,3495443e3,64.480003,0.0010914666837742448,-0.05606785407898851
PPG,2013-12-31,14265e6,94.830002,NA,NA
PPG,2014-12-31,14791e6,115.574997,0.036873466526463394,0.21875982877233313
PPG,2015-12-31,14766e6,98.82,-0.0016902170238658476,-0.14497077598885855
PPG,2016-12-31,14751e6,NA,-0.001015847216578658,NA
PPL,2012-12-31,12132e6,28.629999,NA,NA
PPL,2013-12-31,7263e6,30.09,-0.4013353115727003,0.05099549601800546
PPL,2014-12-31,7852e6,36.330002,0.08109596585433021,0.2073779328680625
PPL,2015-12-31,7669e6,34.130001,-0.02330616403464081,-0.06055603850503499
PRU,2012-12-31,84847e6,53.330002,NA,NA
PRU,2013-12-31,41461e6,92.220001,-0.5113439485190991,0.7292330309681967
PRU,2014-12-31,54105e6,90.459999,0.3049612889221196,-0.019084818704350304
PRU,2015-12-31,57119e6,81.410004,0.05570649662692917,-0.10004416427198937
PSX,2012-12-31,17929e7,NA,NA,NA
PSX,2013-12-31,171596e6,77.129997,-0.042913715209994985,NA
PSX,2014-12-31,161212e6,71.699997,-0.060514231100958105,-0.07040062506420175
PSX,2015-12-31,98975e6,81.800003,-0.38605686921569116,0.14086480366240473
PVH,2013-02-03,6043e6,NA,NA,NA
PVH,2014-02-02,81864e5,NA,0.3546913784544101,NA
PVH,2015-02-01,82412e5,NA,0.006694029121469658,NA
PVH,2016-01-31,80203e5,NA,-0.026804348881230844,NA
PWR,2012-12-31,5920269e3,27.290001,NA,NA
PWR,2013-12-31,6411577e3,31.559999,0.08298744533398739,0.15646749151823047
PWR,2014-12-31,7747229e3,28.389999,0.20831879582823376,-0.10044360267565289
PWR,2015-12-31,7572436e3,20.25,-0.022562002491471445,-0.2867206511701532
PX,2012-12-31,11224e6,109.449997,NA,NA
PX,2013-12-31,11925e6,130.029999,0.06245545260156815,0.18803108784004818
PX,2014-12-31,12273e6,129.559998,0.029182389937106867,-0.0036145582066796633
PX,2015-12-31,10776e6,102.400002,-0.12197506722072848,-0.20963257501748345
PYPL,2014-12-31,8025e6,NA,NA,NA
PYPL,2015-12-31,9248e6,36.200001,0.15239875389408097,NA
PYPL,2016-12-31,10842e6,NA,0.1723615916955017,NA
QCOM,2013-09-29,24866e6,NA,NA,NA
QCOM,2014-09-28,26487e6,NA,0.06518941526582478,NA
QCOM,2015-09-27,25281e6,NA,-0.04553177030241251,NA
QCOM,2016-09-25,23554e6,NA,-0.06831217119575961,NA
QRVO,2014-03-29,1148231e3,NA,NA,NA
QRVO,2015-03-28,1710966e3,NA,0.49008866682749375,NA
QRVO,2016-04-02,2610726e3,NA,0.5258783634508226,NA
R,2013-12-31,6419285e3,73.779999,NA,NA
R,2014-12-31,6638774e3,92.849998,0.034192125758554015,0.2584711203370984
R,2015-12-31,6571893e3,56.830002,-0.010074299863197633,-0.3879374989324178
R,2016-12-31,6786984e3,NA,0.03272892604916122,NA
RCL,2012-12-31,7688024e3,34,NA,NA
RCL,2013-12-31,7959894e3,47.419998,0.03536279283207233,0.39470582352941186
RCL,2014-12-31,8073855e3,82.43,0.014316899194888766,0.7382961509192811
RCL,2015-12-31,8299074e3,101.209999,0.027894853202094838,0.22782966153099582
REGN,2013-12-31,2104745e3,275.23999,NA,NA
REGN,2014-12-31,2819557e3,410.25,0.3396192887974552,0.4905174208151948
REGN,2015-12-31,4103728e3,542.869995,0.45545133508561797,0.32326628884826336
REGN,2016-12-31,4860427e3,NA,0.18439306893634266,NA
RHI,2013-12-31,4245895e3,41.990002,NA,NA
RHI,2014-12-31,4695014e3,58.380001,0.10577722718060611,0.39033098879109374
RHI,2015-12-31,5094933e3,47.139999,0.08517951171178617,-0.19253171989496876
RHI,2016-12-31,5250399e3,NA,0.030513845815048013,NA
RHT,2013-02-28,1328817e3,50.810001,NA,NA
RHT,2014-02-28,1534615e3,58.990002,0.15487309388726955,0.1609919472349548
RHT,2015-02-28,1789489e3,NA,0.1660833498955765,NA
RHT,2016-02-29,205223e4,65.349998,0.14682459629536693,NA
RL,2013-03-30,6945e6,NA,NA,NA
RL,2014-03-29,745e7,NA,0.07271418286537079,NA
RL,2015-03-28,762e7,NA,0.02281879194630876,NA
RL,2016-04-02,7405e6,NA,-0.028215223097112885,NA
ROK,2013-09-30,63519e5,106.940002,NA,NA
ROK,2014-09-30,66235e5,109.879997,0.04275885955383418,0.02749200434838217
ROK,2015-09-30,63079e5,101.470001,-0.047648524194157216,-0.07653800718614878
ROK,2016-09-30,58795e5,122.339996,-0.06791483695049061,0.20567650334407706
ROP,2012-12-31,2993489e3,111.480003,NA,NA
ROP,2013-12-31,3238128e3,138.679993,0.08172370100574944,0.2439898570867458
ROP,2014-12-31,3549494e3,156.350006,0.09615617418459066,0.1274157332846131
ROP,2015-12-31,3582395e3,189.789993,0.009269208512537208,0.21387902601039865
ROST,2013-02-02,9721065e3,NA,NA,NA
ROST,2014-02-01,10230353e3,NA,0.05239014449548485,NA
ROST,2015-01-31,11041677e3,NA,0.07930557234926305,NA
ROST,2016-01-30,11939999e3,NA,0.08135738801270853,NA
RRC,2012-12-31,1367135e3,62.830002,NA,NA
RRC,2013-12-31,1832253e3,84.309998,0.34021365849020024,0.3418748259788371
RRC,2014-12-31,2042537e3,53.450001,0.11476799328477028,-0.36603010001257497
RRC,2015-12-31,1181704e3,24.610001,-0.42145283047504156,-0.5395696812054316
RSG,2013-12-31,84172e5,33.200001,NA,NA
RSG,2014-12-31,88033e5,40.25,0.04587036069001571,0.21234936107381452
RSG,2015-12-31,9115e6,43.990002,0.03540717685413419,0.09291930434782603
RSG,2016-12-31,93877e5,NA,0.029917718047175024,NA
SBUX,2013-09-29,148668e5,NA,NA,NA
SBUX,2014-09-28,164478e5,NA,0.10634433771894414,NA
SBUX,2015-09-27,191627e5,NA,0.16506158878391042,NA
SBUX,2016-10-02,213159e5,NA,0.11236412405349983,NA
SCG,2012-12-31,4176e6,45.639999,NA,NA
SCG,2013-12-31,4495e6,46.93,0.07638888888888884,0.028264702635072192
SCG,2014-12-31,4951e6,60.400002,0.10144605116796446,0.28702326869806094
SCG,2015-12-31,438e7,60.490002,-0.11533023631589578,0.0014900661758254774
SCHW,2012-12-31,4883e6,14.36,NA,NA
SCHW,2013-12-31,5435e6,26,0.1130452590620521,0.8105849582172702
SCHW,2014-12-31,6058e6,30.190001,0.11462741490340389,0.1611538846153846
SCHW,2015-12-31,638e7,32.93,0.05315285572796302,0.0907584931845482
SE,2012-12-31,5075e6,27.379999,NA,NA
SE,2013-12-31,5518e6,35.619999,0.08729064039408874,0.3009496092384809
SE,2014-12-31,5903e6,36.299999,0.06977165639724547,0.019090399188388618
SE,2015-12-31,5234e6,23.940001,-0.11333220396408605,-0.3404958220522265
SEE,2013-12-31,76908e5,34.049999,NA,NA
SEE,2014-12-31,77505e5,42.43,0.007762521454204974,0.24610870032624677
SEE,2015-12-31,70315e5,44.599998,-0.0927682085026772,0.05114301201979732
SEE,2016-12-31,67783e5,NA,-0.03600938633293038,NA
SHW,2012-12-31,9534462e3,153.820007,NA,NA
SHW,2013-12-31,10185532e3,183.5,0.06828597145806437,0.19295274768775683
SHW,2014-12-31,11129533e3,263.040009,0.09268057868749513,0.4334605395095368
SHW,2015-12-31,11339304e3,259.600006,0.018848140348745934,-0.013077869838424405
SIG,2013-02-02,39834e5,NA,NA,NA
SIG,2014-02-01,42092e5,NA,0.05668524376161077,NA
SIG,2015-02-02,57363e5,121.360001,0.36280053216763286,NA
SIG,2016-01-30,65502e5,NA,0.14188588462946505,NA
SJM,2013-04-30,58977e5,103.230003,NA,NA
SJM,2014-04-30,56106e5,96.68,-0.04867999389592548,-0.06345057453887692
SJM,2015-04-30,56927e5,115.919998,0.014633016076711858,0.199007012825817
SJM,2016-04-30,78112e5,NA,0.3721432712069843,NA
SLG,2012-12-31,1290052e3,76.650002,NA,NA
SLG,2013-12-31,1371065e3,92.379997,0.06279824379172316,0.20521845518020987
SLG,2014-12-31,1519978e3,119.019997,0.10861118911211354,0.28837411631437915
SLG,2015-12-31,1662829e3,112.980003,0.09398228132249287,-0.05074772435089214
SNA,2013-12-31,32375e5,109.519997,NA,NA
SNA,2015-01-03,34926e5,NA,0.0787953667953667,NA
SNA,2016-01-02,35931e5,NA,0.028775124549046627,NA
SNA,2016-12-31,37118e5,NA,0.03303554034120948,NA
SNI,2012-12-31,2307182e3,57.919998,NA,NA
SNI,2013-12-31,2530809e3,86.410004,0.09692646700607055,0.4918854796921781
SNI,2014-12-31,2665456e3,75.269997,0.05320314571348539,-0.1289203388996487
SNI,2015-12-31,3018227e3,55.209999,0.13234921154204016,-0.2665072246515434
SO,2012-12-31,16537e6,42.810001,NA,NA
SO,2013-12-31,17087e6,41.110001,0.03325875309911108,-0.039710347121926115
SO,2014-12-31,18467e6,49.110001,0.080763153274419075,0.19459984931647178
SO,2015-12-31,17489e6,46.790001,-0.052959332864027764,-0.04724088684095118
SPG,2012-12-31,4256157e3,148.720590781,NA,NA
SPG,2013-12-31,4543849e3,143.142039511,0.06759431101813207,-0.03751028180230098
SPG,2014-12-31,4870818e3,182.110001,0.07195859721570863,0.27223282288083817
SPG,2015-12-31,5266103e3,194.440002,0.0811537199706498,0.06770633645760049
SPGI,2013-12-31,4702e6,78.199997,NA,NA
SPGI,2014-12-31,5051e6,88.980003,0.07422373458102927,0.13785174441886494
SPGI,2015-12-31,5313e6,98.580002,0.0518709166501683,0.10788939847529555
SPGI,2016-12-31,5661e6,NA,0.06549971767363072,NA
SPLS,2013-02-02,2438051e4,NA,NA,NA
SPLS,2014-02-01,23114e6,NA,-0.05194764178435973,NA
SPLS,2015-01-31,22492e6,NA,-0.02691009777623954,NA
SPLS,2016-01-30,21059e6,NA,-0.06371154188155792,NA
SRCL,2012-12-31,1913149e3,93.279999,NA,NA
SRCL,2013-12-31,2142807e3,116.169998,0.12004187859910553,0.24539021489483503
SRCL,2014-12-31,2555601e3,131.080002,0.1926417078159628,0.12834642555472886
SRCL,2015-12-31,2985908e3,120.599998,0.16837800579980988,-0.07995120415088186
SRE,2012-12-31,9647e6,70.940002,NA,NA
SRE,2013-12-31,10557e6,89.760002,0.09432984347465534,0.2652946076883391
SRE,2014-12-31,11035e6,111.360001,0.0452780145874776,0.24064169472723496
SRE,2015-12-31,10231e6,94.010002,-0.07285908473040326,-0.15580099536816627
STI,2012-12-31,1124e7,28.35,NA,NA
STI,2013-12-31,8602e6,36.810001,-0.2346975088967972,0.2984127336860669
STI,2014-12-31,8707e6,41.900002,0.012206463613113172,0.13827766535513009
STI,2015-12-31,8533e6,42.84,-0.019983920983117076,0.022434318738218773
STT,2013-12-31,10275e6,73.389999,NA,NA
STT,2014-12-31,10666e6,78.5,0.038053527980535184,0.06962802929047585
STT,2015-12-31,1076e7,66.360001,0.008813050815676071,-0.1546496687898089
STT,2016-12-31,10635e6,NA,-0.011617100371747235,NA
STX,2013-06-28,14351e6,44.830002,NA,NA
STX,2014-06-27,13724e6,56.919998,-0.043690335168280914,0.2696853772168022
STX,2015-07-03,13739e6,NA,0.001092975808802077,NA
STX,2016-07-01,1116e7,24.030001,-0.187713807409564,NA
STZ,2013-02-28,27961e5,44.240002,NA,NA
STZ,2014-02-28,48677e5,81.029999,0.7408890955259111,0.8316002562567699
STZ,2015-02-28,6028e6,NA,0.2383671960063274,NA
STZ,2016-02-29,65484e5,141.429993,0.08633045786330462,NA
SWK,2013-12-28,108895e5,NA,NA,NA
SWK,2015-01-03,113386e5,NA,0.04124156297350656,NA
SWK,2016-01-02,111718e5,NA,-0.014710810858483359,NA
SWK,2016-12-31,114069e5,NA,0.021044057358706736,NA
SWKS,2013-09-27,1792e6,24.77,NA,NA
SWKS,2014-10-03,22915e5,55.25,0.2787388392857142,1.230520791279774
SWKS,2015-10-02,32584e5,84.059998,0.42195068732271435,0.5214479276018098
SWKS,2016-09-30,3289e6,76.139999,0.009391112202307816,-0.09421840576298834
SWN,2012-12-31,273e7,33.41,NA,NA
SWN,2013-12-31,3371e6,39.330002,0.23479853479853485,0.17719251721041607
SWN,2014-12-31,4038e6,27.290001,0.19786413527143276,-0.30612764779417
SWN,2015-12-31,3133e6,7.11,-0.22412085190688458,-0.7394650150434219
SYF,2012-12-31,10793e6,NA,NA,NA
SYF,2013-12-31,11813e6,NA,0.09450569813768173,NA
SYF,2014-12-31,12727e6,NA,0.07737238635401678,NA
SYF,2015-12-31,1362e7,30.41,0.07016578926691297,NA
SYK,2013-12-31,9021e6,75.139999,NA,NA
SYK,2014-12-31,9675e6,94.330002,0.0724975058197539,0.25538998210526986
SYK,2015-12-31,9946e6,92.940002,0.028010335917312723,-0.014735502708883463
SYK,2016-12-31,11325e6,NA,0.13864870299617937,NA
SYMC,2013-03-29,6906e6,NA,NA,NA
SYMC,2014-03-28,4183e6,19.790001,-0.3942948161019404,NA
SYMC,2015-04-03,3956e6,NA,-0.05426727229261297,NA
SYMC,2016-04-01,36e8,18.41,-0.08998988877654202,NA
SYY,2013-06-29,44411233e3,NA,NA,NA
SYY,2014-06-28,46516712e3,NA,0.04740870400963648,NA
SYY,2015-06-27,48680752e3,NA,0.046521774797840365,NA
SYY,2016-07-02,50366919e3,NA,0.03463724225131126,NA
T,2012-12-31,127434e6,33.709999,NA,NA
T,2013-12-31,128752e6,35.16,0.010342608722946789,0.04301397339109947
T,2014-12-31,132447e6,33.59,0.02869858332297759,-0.04465301478953332
T,2015-12-31,146801e6,34.41,0.1083754256419549,0.024412027389103752
TAP,2013-12-31,42061e5,56.150002,NA,NA
TAP,2014-12-31,41463e5,74.519997,-0.014217446090202368,0.3271592937788319
TAP,2015-12-31,35675e5,93.919998,-0.13959433711984182,0.2603328204642843
TAP,2016-12-31,4885e6,NA,0.36930623686054664,NA
TDC,2012-12-31,2665e6,61.889999,NA,NA
TDC,2013-12-31,2692e6,45.490002,0.01013133208255157,-0.26498622176419817
TDC,2014-12-31,2732e6,43.68,0.014858841010401136,-0.039789006823960915
TDC,2015-12-31,253e7,26.42,-0.07393850658857981,-0.3951465201465201
TDG,2013-09-30,19244e5,138.699997,NA,NA
TDG,2014-09-30,2372906e3,184.330002,0.23306277281230514,0.32898346061247574
TDG,2015-09-30,2707115e3,212.410004,0.1408437586655351,0.15233549446823091
TDG,2016-09-30,3171411e3,289.119995,0.1715095221296472,0.36114114003782993
TEL,2013-09-27,1139e7,51.959999,NA,NA
TEL,2014-09-26,11973e6,58.799999,0.05118525021949072,0.13163972539722324
TEL,2015-09-25,12233e6,58.419998,0.021715526601520097,-0.006462602150724472
TEL,2016-09-30,12238e6,64.379997,4.0873048311951266e-4,0.10201984258883412
TGNA,2012-12-30,5353197e3,NA,NA,NA
TGNA,2013-12-29,1603123e3,NA,-0.7005297955595506,NA
TGNA,2014-12-31,2626141e3,31.93,0.6381406791618609,NA
TGNA,2015-12-31,3050945e3,25.52,0.1617597836521345,-0.20075164422173508
TGT,2013-02-02,73301e6,NA,NA,NA
TGT,2014-02-01,71279e6,NA,-0.027584889701368298,NA
TGT,2015-01-31,72618e6,NA,0.018785336494619775,NA
TGT,2016-01-30,73785e6,NA,0.016070395769643975,NA
TIF,2013-01-31,3794249e3,65.75,NA,NA
TIF,2014-01-31,40311e5,83.190002,0.06242368384362762,0.26524717870722436
TIF,2015-01-31,42499e5,NA,0.05427798863833688,NA
TIF,2016-01-31,41049e5,NA,-0.03411844984587875,NA
TJX,2013-02-02,25878372e3,NA,NA,NA
TJX,2014-02-01,27422696e3,NA,0.059676242384953726,NA
TJX,2015-01-31,29078407e3,NA,0.060377396883223966,NA
TJX,2016-01-30,30944938e3,NA,0.06418958920273732,NA
TMK,2012-12-31,3589516e3,34.4466706667,NA,NA
TMK,2013-12-31,3494253e3,52.0999986667,-0.02653923258734603,0.5124828512691557
TMK,2014-12-31,3620095e3,54.169998,0.036013992117914784,0.03973127420870837
TMK,2015-12-31,3766065e3,57.16,0.040322146242018464,0.05519664224466081
TMO,2012-12-31,125099e5,63.779999,NA,NA
TMO,2013-12-31,130903e5,111.349998,0.046395254958073284,0.7458450885206191
TMO,2014-12-31,168896e5,125.290001,0.2902378096758669,0.12519086888533226
TMO,2015-12-31,169654e5,141.850006,0.004487968927624042,0.13217339666235617
TRIP,2012-12-31,763e6,NA,NA,NA
TRIP,2013-12-31,945e6,82.830002,0.23853211009174302,NA
TRIP,2014-12-31,1246e6,74.660004,0.3185185185185184,-0.09863573346285803
TRIP,2015-12-31,1492e6,85.25,0.1974317817014446,0.14184296052274514
TRV,2013-12-31,26191e6,90.540001,NA,NA
TRV,2014-12-31,27174e6,105.849998,0.03753197663319452,0.16909649691742312
TRV,2015-12-31,26815e6,112.860001,-0.013211157724295264,0.06622582080728989
TRV,2016-12-31,27625e6,NA,0.030206973708745144,NA
TSCO,2012-12-29,466412e4,NA,NA,NA
TSCO,2013-12-28,5164784e3,NA,0.10734372185964336,NA
TSCO,2014-12-27,5711715e3,NA,0.10589620011214418,NA
TSCO,2015-12-26,6226507e3,NA,0.09012914684993922,NA
TSN,2013-10-03,34374e6,28.23,NA,NA
TSN,2014-10-03,3758e7,41.700001,0.09326816780124503,0.47715200141693237
TSN,2015-10-03,41373e6,NA,0.10093134646088342,NA
TSN,2016-10-01,36881e6,NA,-0.10857322408333936,NA
TSO,2012-12-31,29809e6,44.049999,NA,NA
TSO,2013-12-31,37601e6,58.5,0.2613975644939448,0.3280363525093384
TSO,2014-12-31,40633e6,74.349998,0.08063615329379537,0.2709401367521367
TSO,2015-12-31,28711e6,105.370003,-0.293406836807521,0.4172159493534888
TSS,2012-12-31,1793557e3,21.42,NA,NA
TSS,2013-12-31,2064305e3,33.279999,0.15095589379094165,0.5536880952380949
TSS,2014-12-31,2446877e3,33.959999,0.18532726510859576,0.020432692921655615
TSS,2015-12-31,2779541e3,49.799999,0.1359545248902989,0.4664311091410809
TXN,2012-12-31,12825e6,30.889999,NA,NA
TXN,2013-12-31,12205e6,43.91,-0.04834307992202724,0.4214956756715984
TXN,2014-12-31,13045e6,53.470001,0.06882425235559197,0.2177180824413576
TXN,2015-12-31,13e9,54.810001,-0.003449597546952843,0.025060781278085198
TXT,2012-12-29,12237e6,NA,NA,NA
TXT,2013-12-28,12104e6,NA,-0.010868676963307955,NA
TXT,2015-01-03,13878e6,NA,0.14656311962987445,NA
TXT,2016-01-02,13423e6,NA,-0.032785703991929704,NA
UA,2012-12-31,1834921e3,NA,NA,NA
UA,2013-12-31,2332051e3,NA,0.2709271952307484,NA
UA,2014-12-31,308437e4,NA,0.322599720160494,NA
UA,2015-12-31,3963313e3,NA,0.28496678414068355,NA
UAA,2012-12-31,1834921e3,48.529999,NA,NA
UAA,2013-12-31,2332051e3,87.300003,0.2709271952307484,0.7988873850996785
UAA,2014-12-31,308437e4,67.900002,0.322599720160494,-0.22222222604047337
UAA,2015-12-31,3963313e3,80.610001,0.28496678414068355,0.18718701952320993
UAL,2012-12-31,37152e6,23.379999,NA,NA
UAL,2013-12-31,38279e6,37.830002,0.03033484065460801,0.6180497698053793
UAL,2014-12-31,38901e6,66.889999,0.016249118315525557,0.7681732874346663
UAL,2015-12-31,37864e6,57.299999,-0.026657412405850733,-0.14336971360995243
UDR,2012-12-31,716612e3,23.780001,NA,NA
UDR,2013-12-31,758926e3,23.35,0.05904729477039172,-0.01808246349527054
UDR,2014-12-31,818046e3,30.82,0.07789955805967907,0.3199143468950749
UDR,2015-12-31,894638e3,37.57,0.09362798669023498,0.21901362751460085
UHS,2012-12-31,69614e5,48.349998,NA,NA
UHS,2013-12-31,7367873e3,81.260002,0.058389548079409215,0.6806619516302772
UHS,2014-12-31,8205088e3,111.260002,0.11363048738760839,0.3691853219496599
UHS,2015-12-31,9043451e3,119.489998,0.10217599128735722,0.07397084174059243
ULTA,2013-02-02,2220256e3,NA,NA,NA
ULTA,2014-02-02,2670573e3,NA,0.2028221070002738,NA
ULTA,2015-01-31,3241369e3,NA,0.2137354043495534,NA
ULTA,2016-01-31,3924116e3,NA,0.2106353827657388,NA
UNH,2013-12-31,122489e6,75.300003,NA,NA
UNH,2014-12-31,130474e6,101.089996,0.06518952722285265,0.34249657334010997
UNH,2015-12-31,157107e6,117.639999,0.2041249597620982,0.16371553719321552
UNH,2016-12-31,18484e7,NA,0.1765230066133272,NA
UNM,2012-12-31,105154e5,20.82,NA,NA
UNM,2013-12-31,103686e5,35.080002,-0.013960477014664185,0.6849184438040345
UNM,2014-12-31,105245e5,34.880001,0.015035781108346358,-0.0057012824571675
UNM,2015-12-31,107313e5,33.290001,0.019649389519692084,-0.04558486107841575
UNP,2013-12-31,21963e6,84,NA,NA
UNP,2014-12-31,23988e6,119.129997,0.09220051905477389,0.4182142500000001
UNP,2015-12-31,21813e6,78.199997,-0.09067033516758383,-0.3435742552734221
UNP,2016-12-31,19941e6,NA,-0.08582038234080591,NA
UPS,2012-12-31,54127e6,73.730003,NA,NA
UPS,2013-12-31,55438e6,105.080002,0.024220814011491454,0.4252000233880364
UPS,2014-12-31,58232e6,111.169998,0.0503986435297088,0.057955803997796096
UPS,2015-12-31,58363e6,96.230003,0.0022496222008516753,-0.13438873139135987
URBN,2013-01-31,2794925e3,42.799999,NA,NA
URBN,2014-01-31,3086608e3,35.82,0.10436165550059484,-0.16308409259542267
URBN,2015-01-31,3323077e3,NA,0.07661128332460754,NA
URBN,2016-01-31,3445134e3,NA,0.03673011489050659,NA
USB,2013-07-31,2436948e3,37.32,NA,NA
USB,2014-07-31,24735e5,42.029999,0.014999089024468226,0.12620576098606628
USB,2015-07-31,23712e5,45.209999,-0.04135839902971494,0.07566024448394604
USB,2016-07-31,22203e5,NA,-0.06363866396761131,NA
UTX,2013-12-31,566e8,113.800003,NA,NA
UTX,2014-12-31,579e8,115,0.0229681978798586,0.010544788825708418
UTX,2015-12-31,56098e6,96.07,-0.031122625215889488,-0.16460869565217395
UTX,2016-12-31,57244e6,NA,0.02042853577667647,NA
V,2013-09-30,11778e6,47.7750015,NA,NA
V,2014-09-30,12702e6,53.34249875,0.07845134997452874,0.11653578388689323
V,2015-09-30,1388e7,69.660004,0.09274130058258545,0.30590065393215204
V,2016-09-30,15082e6,82.699997,0.08659942363112383,0.18719483564772688
VAR,2013-09-27,2942897e3,74.18,NA,NA
VAR,2014-09-26,30498e5,80.900002,0.036325770150977155,0.0905904826098678
VAR,2015-10-02,30991e5,75.190002,0.016164994425863943,-0.07058096240838152
VAR,2016-09-30,32178e5,99.529999,0.03830144235423183,0.32371321123252517
VFC,2012-12-31,10879855e3,37.74250025,NA,NA
VFC,2013-12-31,11419648e3,62.34,0.0496139884217206,0.6517188736058896
VFC,2015-01-03,12282161e3,NA,0.07552886043422702,NA
VFC,2016-01-02,12376744e3,NA,0.0077008435241974205,NA
VIAB,2013-09-30,13794e6,83.580002,NA,NA
VIAB,2014-09-30,13783e6,76.940002,-7.974481658692412e-4,-0.07944484136288954
VIAB,2015-09-30,13268e6,43.150002,-0.0373648697671044,-0.4391733704399956
VIAB,2016-09-30,12488e6,38.099998,-0.058788061501356625,-0.11703369098337468
VLO,2012-12-31,138393e6,31.1882989031,NA,NA
VLO,2013-12-31,138074e6,50.400002,-0.002305029878678866,0.6159907328254581
VLO,2014-12-31,130844e6,49.5,-0.05236322551675188,-0.017857181831064217
VLO,2015-12-31,87804e6,70.709999,-0.3289413347192076,0.4284848282828282
VMC,2012-12-31,256731e4,52.049999,NA,NA
VMC,2013-12-31,2770709e3,59.419998,0.07922650556418986,0.14159460406521807
VMC,2014-12-31,2994169e3,65.730003,0.08065083702402531,0.10619328866352373
VMC,2015-12-31,3422181e3,94.970001,0.14294851092239624,0.4448500937996307
VNO,2013-12-31,2299176e3,80.4257255435,NA,NA
VNO,2014-12-31,2312512e3,106.621381341,0.005800338904024649,0.32571239638157223
VNO,2015-12-31,2502267e3,99.959999,0.08205579041319577,-0.06247698404596125
VNO,2016-12-31,2506202e3,NA,0.0015725739899059565,NA
VRSK,2012-12-31,1407848e3,50.970001,NA,NA
VRSK,2013-12-31,1595703e3,65.720001,0.1334341491411004,0.2893859076047496
VRSK,2014-12-31,1746726e3,64.050003,0.09464355208958053,-0.025410803021746697
VRSK,2015-12-31,206801e4,76.879997,0.18393497320129204,0.20031215299084382
VRSN,2012-12-31,873592e3,38.82,NA,NA
VRSN,2013-12-31,965087e3,59.779999,0.10473424665061026,0.5399278464708912
VRSN,2014-12-31,1010117e3,57,0.04665900587200955,-0.04650383149052906
VRSN,2015-12-31,1059366e3,87.360001,0.048755738196664344,0.532631596491228
VRTX,2012-12-31,1527042e3,41.900002,NA,NA
VRTX,2013-12-31,1211975e3,74.300003,-0.20632503886599063,0.7732696766935716
VRTX,2014-12-31,580415e3,118.800003,-0.5210998576703314,0.5989232598012142
VRTX,2015-12-31,1032336e3,125.830002,0.7786170240259125,0.05917507426325552
VTR,2013-12-31,2514595e3,57.279999,NA,NA
VTR,2014-12-31,277255e4,71.699997,0.10258311974691758,0.25174577953466803
VTR,2015-12-31,3285346e3,56.43,0.1849546446412147,-0.21297067836697392
VTR,2016-12-31,3442646e3,NA,0.047879279686218634,NA
VZ,2012-12-31,115846e6,43.27,NA,NA
VZ,2013-12-31,12055e7,49.139999,0.040605631614384574,0.1356597873815577
VZ,2014-12-31,127079e6,46.779999,0.05416009954375767,-0.048026049003379256
VZ,2015-12-31,13162e7,46.220001,0.035733677476215586,-0.011970885249484309
WAT,2012-12-31,1843641e3,87.120003,NA,NA
WAT,2013-12-31,1904218e3,100,0.03285726451082405,0.14784201740672587
WAT,2014-12-31,1989344e3,112.720001,0.04470391520298622,0.12720000999999992
WAT,2015-12-31,2042332e3,134.580002,0.02663591616130745,0.1939318737231026
WDC,2013-06-28,15351e6,62.09,NA,NA
WDC,2014-06-27,1513e7,92.900002,-0.01439645625692132,0.4962152037365115
WDC,2015-07-03,14572e6,NA,-0.03688037012557832,NA
WDC,2016-07-01,12994e6,46.470001,-0.10828987098545151,NA
WEC,2012-12-31,42464e5,36.849998,NA,NA
WEC,2013-12-31,4519e6,41.34,0.06419555388093445,0.12184537974737486
WEC,2014-12-31,49971e5,52.740002,0.10579774286346533,0.275762022254475
WEC,2015-12-31,59261e5,51.310001,0.18590782653939275,-0.027114162794305452
WFC,2012-12-31,91247e6,34.18,NA,NA
WFC,2013-12-31,88069e6,45.400002,-0.034828542308240285,0.32826220011702745
WFC,2014-12-31,88372e6,54.82,0.003440484165824431,0.2074889335907959
WFC,2015-12-31,90033e6,54.360001,0.018795546100574878,-0.008391079897847598
WFM,2013-09-29,12917e6,NA,NA,NA
WFM,2014-09-28,14194e6,NA,0.09886196485251997,NA
WFM,2015-09-27,15389e6,NA,0.08419050302944897,NA
WFM,2016-09-25,15724e6,NA,0.02176879589317049,NA
WHR,2013-12-31,18769e6,156.860001,NA,NA
WHR,2014-12-31,19872e6,193.740005,0.05876711598913098,0.23511413849857088
WHR,2015-12-31,20891e6,146.869995,0.05127818035426723,-0.24192220909667062
WHR,2016-12-31,20718e6,NA,-0.008281077976161955,NA
WLTW,2012-12-31,348e7,NA,NA,NA
WLTW,2013-12-31,3655e6,NA,0.050287356321839116,NA
WLTW,2014-12-31,3802e6,NA,0.04021887824897408,NA
WLTW,2015-12-31,3829e6,NA,0.007101525512887896,NA
WM,2013-12-31,13983e6,44.869999,NA,NA
WM,2014-12-31,13996e6,51.32,9.297003504256107e-4,0.14374863257741555
WM,2015-12-31,12961e6,53.369999,-0.07394969991426126,0.03994542088854258
WM,2016-12-31,13609e6,NA,0.049996142272972666,NA
WMB,2012-12-31,7486e6,32.740002,NA,NA
WMB,2013-12-31,686e7,38.57,-0.08362276248998135,0.17806956761945236
WMB,2014-12-31,7637e6,44.939999,0.1132653061224489,0.16515423904589066
WMB,2015-12-31,736e7,25.700001,-0.03627078695822972,-0.4281263557660515
WMT,2013-01-31,468651e6,69.949997,NA,NA
WMT,2014-01-31,476294e6,74.68,0.01630851102419495,0.06761977416525133
WMT,2015-01-31,485651e6,NA,0.019645429083717136,NA
WMT,2016-01-31,48213e7,NA,-0.007250062287527448,NA
WRK,2014-09-30,98951e5,NA,NA,NA
WRK,2015-09-30,111248e5,51.439999,0.12427363038271477,NA
WRK,2016-09-30,141718e5,48.48,0.2738925643607075,-0.057542749952230854
WU,2012-12-31,56648e5,13.61,NA,NA
WU,2013-12-31,5542e6,17.25,-0.021677729134303103,0.26745040411462173
WU,2014-12-31,56072e5,17.91,0.0117647058823529,0.03826086956521735
WU,2015-12-31,54837e5,17.91,-0.022025253245826826,0
WY,2012-12-31,5989e6,27.82,NA,NA
WY,2013-12-31,7254e6,31.57,0.21122057104691927,0.1347951114306254
WY,2014-12-31,7403e6,35.889999,0.02054039150813347,0.1368387393094712
WY,2015-12-31,7082e6,29.98,-0.04336079967580708,-0.16466980118890506
WYN,2012-12-31,4534e6,53.209999,NA,NA
WYN,2013-12-31,5009e6,73.690002,0.10476400529333918,0.38489012187352234
WYN,2014-12-31,5281e6,85.760002,0.05430225593930915,0.1637942688616021
WYN,2015-12-31,5536e6,72.650002,0.04828630941109635,-0.15286846658422415
WYNN,2012-12-31,5154284e3,112.489998,NA,NA
WYNN,2013-12-31,5620936e3,194.210007,0.0905367263425918,0.726464667552043
WYNN,2014-12-31,5433661e3,148.759995,-0.0333174047880993,-0.23402507781177306
WYNN,2015-12-31,4075883e3,69.190002,-0.24988272179659354,-0.5348883817857079
XEC,2012-12-31,1623938e3,57.73,NA,NA
XEC,2013-12-31,1998051e3,104.910004,0.23037394284757173,0.8172527975056298
XEC,2014-12-31,2424176e3,106,0.2132703319384741,0.010389819449439619
XEC,2015-12-31,1452619e3,89.379997,-0.4007782438238807,-0.15679248113207545
XEL,2012-12-31,10128223e3,26.709999,NA,NA
XEL,2013-12-31,10914922e3,27.940001,0.07767394142091866,0.04605024507863131
XEL,2014-12-31,11686135e3,35.919998,0.07065675778535119,0.2856119081742339
XEL,2015-12-31,11024486e3,35.91,-0.0566182916764183,-2.783407727362519e-4
XL,2012-12-31,7232397e3,25.059999,NA,NA
XL,2013-12-31,7541234e3,31.84,0.042701887078377965,0.27055072907225575
XL,2014-12-31,6602267e3,34.369999,-0.12451105482206226,0.0794597675879396
XL,2015-12-31,9308926e3,39.18,0.4099590337682495,0.1399476619129374
XLNX,2013-03-30,2168652e3,NA,NA,NA
XLNX,2014-03-29,2382531e3,NA,0.09862301558756315,NA
XLNX,2015-03-28,2377344e3,NA,-0.00217709654145104,NA
XLNX,2016-04-02,2213881e3,NA,-0.0687586651321811,NA
XOM,2012-12-31,451509e6,86.550003,NA,NA
XOM,2013-12-31,420836e6,101.199997,-0.06793441548230494,0.16926624485501174
XOM,2014-12-31,394105e6,92.449997,-0.06351880542539134,-0.08646245315600154
XOM,2015-12-31,259488e6,77.949997,-0.3415764834244681,-0.15684154105489045
XRAY,2012-12-31,2928429e3,39.610001,NA,NA
XRAY,2013-12-31,29508e5,48.48,0.007639249577162444,0.2239333192644959
XRAY,2014-12-31,29226e5,53.27,-0.009556730378202483,0.09880363036303641
XRAY,2015-12-31,26743e5,60.849998,-0.08495859850817766,0.14229393654965272
XRX,2012-12-31,20421e6,6.82,NA,NA
XRX,2013-12-31,20006e6,12.17,-0.020322217325302372,0.7844574780058651
XRX,2014-12-31,1954e7,13.86,-0.023293012096371135,0.13886606409202962
XRX,2015-12-31,18045e6,10.63,-0.07650972364380759,-0.23304473304473294
XYL,2012-12-31,3791e6,NA,NA,NA
XYL,2013-12-31,3837e6,34.599998,0.012134001582695841,NA
XYL,2014-12-31,3916e6,38.07,0.02058900182434198,0.1002890809415653
XYL,2015-12-31,3653e6,36.5,-0.06716036772216549,-0.041239821381665376
YHOO,2012-12-31,4986566e3,19.9,NA,NA
YHOO,2013-12-31,468038e4,40.439999,-0.061402175364770106,1.0321607537688444
YHOO,2014-12-31,4618133e3,50.509998,-0.013299561146744465,0.2490108617460649
YHOO,2015-12-31,4968301e3,33.259998,0.07582458105905565,-0.3415165449026547
YUM,2012-12-29,13633e6,NA,NA,NA
YUM,2013-12-28,13084e6,NA,-0.04026993325020167,NA
YUM,2014-12-27,13279e6,NA,0.014903699174564355,NA
YUM,2015-12-26,13105e6,NA,-0.013103396340085838,NA
ZBH,2012-12-31,44717e5,66.660004,NA,NA
ZBH,2013-12-31,46234e5,93.190002,0.033924458259722234,0.39798974509512486
ZBH,2014-12-31,46733e5,113.419998,0.01079292295713108,0.21708333046285366
ZBH,2015-12-31,59978e5,102.589996,0.28341856931932474,-0.09548582428999874
ZION,2012-12-31,2458592e3,21.4,NA,NA
ZION,2013-12-31,2278812e3,29.959999,-0.07312315341463738,0.3999999532710281
ZION,2014-12-31,2361631e3,28.51,0.036343059453785465,-0.04839783205600234
ZION,2015-12-31,2210591e3,27.299999,-0.0639558000381939,-0.04244128376008427
ZTS,2013-12-31,4561e6,32.689999,NA,NA
ZTS,2014-12-31,4785e6,43.029999,0.04911203683402765,0.3163046900062614
ZTS,2015-12-31,4765e6,47.919998,-0.004179728317659337,0.11364162476508555
ZTS,2016-12-31,4888e6,NA,0.025813221406085995,NA
